3382 5482
722 345 1005 408 ,,...3..·

258 497 305 554 334
315 484 537 578 o',llindorli0
551 485 710 552 33433433
721 484 764 566 G'3
777 484 1013 553 alterumnulla'
1021 485 1126 552 littera
1135 485 1267 552 notavit
1277 507 1296 554 3
1307 485 1429 574 ascrip-

256 612 324 669 tum
350 601 447 667 habet
470 619 588 667 annum
611 607 744 688 στπμδ
769 601 821 687 (z
847 599 960 683 6944),
976 599 1159 667 indictionis
1174 610 1325 687 quartum
1343 601 1428 667 deci-

257 736 357 798 mum,
380 715 435 802 qni
456 736 558 783 annas
583 726 630 782 est
651 723 723 802 post
744 715 819 782 Chr.
844 715 1047 798 4435-4436,
1066 713 1096 782 o'
1121 725 1251 788 autem:
1271 718 1335 785 ἔτει
1366 717 1427 786 ἀπὸ

256 838 302 927 llo
322 860 373 945 (z
387 860 534 948 Χριστοῦ)
551 828 611 957 &qd
626 839 668 938 ξῖν
682 827 735 927 443
752 843 785 946 f‘,
802 858 833 923 id
846 866 905 939 est,
918 878 1001 924 3333
1013 857 1111 940 4469,
1124 857 1306 925 indictionis
1318 858 1426 925 tortio.

256 972 295 1039 Hi
314 973 378 1038 duo
398 972 525 1040 codices
547 994 621 1040 cum
639 974 708 1040 sere
726 971 866 1039 eundem
886 980 1006 1038 textum
1031 972 1212 1055 exhibeant,
1234 972 1266 1040 o'
1290 993 1307 1038 a
1327 997 1346 1041 3
1371 974 1431 1040 43-

257 1088 411 1177 scriptum
426 1108 496 1155 esse
512 1087 587 1154 satis
603 1087 670 1154 veri
686 1087 789 1154 simile
806 1098 863 1153 334.
878 1085 1003 1164 Codicis
1014 1095 1046 1154 ν’
1058 1086 1213 1154 lectiones
1225 1087 1397 1154 duodecim
1413 1111 1430 1156 3

256 1203 339 1271 libro
364 1203 469 1291 primo
493 1203 528 1291 (4,
552 1205 584 1285 Ἰ,
608 1203 638 1271 6.
662 1203 715 1271 44.
735 1202 790 1270 44.
815 1201 869 1269 44.
890 1201 945 1268 47.
967 1199 1022 1269 49.
1048 1200 1101 1268 34.
1124 1201 1156 1285 4,
1175 1204 1205 1270 4;
1222 1203 1254 1270 4.
1272 1203 1306 1272 5.
1324 1203 1356 1286 3,
1374 1203 1428 1272 38.

256 1319 289 1401 4,
312 1318 364 1404 44)
378 1317 476 1385 habet
491 1319 656 1404 catalogus
672 1317 875 1384 Zanettianus
894 1316 1058 1404 (43334443,
1078 1315 1176 1400 4740,
1194 1340 1225 1406 p.
1245 1318 1337 1404 473).
1356 1319 1430 1385 Din-

258 1431 381 1499 4334433
411 1440 588 1519 utrumqne
614 1433 765 1499 collatum
788 1431 901 1498 habuit
924 1432 965 1497 ad
991 1432 1100 1498 locum
1123 1432 1158 1515 ll,
1185 1433 1227 1515 4,
1244 1432 1334 1500 4-49.
1361 1434 1430 1520 Ego

160 1588 163 1593 ·
257 1555 432 1635 utrumque
451 1547 572 1615 contuli
588 1549 627 1615 ad
650 1549 758 1615 locum
774 1547 797 1629 l,
815 1547 847 1629 4,
864 1546 957 1629 4-48,
975 1546 1121 1615 codicem
1141 1568 1159 1614 3
1177 1548 1272 1614 etiam
1288 1549 1432 1615 3443333

258 1660 282 1744 l,
301 1660 332 1745 7,
347 1660 456 1731 3435.
472 1661 522 1744 ΠΙ,
540 1682 609 1750 cap.
624 1661 655 1732 3.
670 1662 706 1745 V,
722 1661 755 1745 4,
771 1661 862 1728 4-47.

303 1774 327 1844 Ο
344 1777 445 1844 codex
462 1787 511 1844 est
524 1776 655 1864 ignotus
670 1798 767 1865 quem
782 1777 978 1844 Valcltenaer
992 1775 1025 1842 in
1041 1775 1186 1863 margine
1209 1777 1431 1864 Stephanianae
1491 1835 1494 1839 ,

259 1891 361 1957 semel
376 1891 560 1979 iterumque
577 1912 761 1959 memorans
775 1893 804 1958 bl
818 1891 925 1958 littera
940 1891 1073 1959 notavit.
1184 1873 1186 1878 ¹
1315 1891 1318 1897 ’

302 2007 487 2074 Dindorfms
510 2027 704 2094 quamquam
731 2006 871 2103 editione
896 2007 1067 2074 Oxoniensi
1087 2009 1222 2074 multum
1247 2008 1432 2073 adtentum

259 2121 445 2189 Hellenicon
460 2121 718 2189 constituendum
733 2121 877 2205 contulit,
888 2131 995 2188 tamen
1009 2121 1214 2210 neglegentia
1232 2143 1289 2190 333
1304 2121 1433 2188 333334-

261 2236 300 2304 sit
320 2245 356 2303 34
375 2235 409 2301 43
424 2234 469 2303 343
483 2255 554 2323 quae
570 2234 682 2302 alferat
698 2255 763 2301 non
777 2236 909 2302 omnino
926 2235 1132 2324 acquiescere
1148 2237 1258 2319 liceat,
1276 2237 1330 2303 scd
1348 2257 1432 2322 saepe

261 2352 300 2418 ad
324 2351 458 2418 Gailium
483 2351 718 2418 recurrendum
741 2350 790 2434 sit,
815 2372 899 2438 saepe
923 2372 1001 2418 vero
1025 2351 1101 2439 quid
1125 2351 1280 2418 Dindorlii
1306 2350 1433 2417 codices

260 2465 399 2533 babeant
416 2464 637 2532 dubitandum.
655 2465 766 2553 Neque
785 2464 869 2533 enim
885 2487 956 2553 quae
975 2466 1093 2534 Gailius
1111 2487 1148 2533 33
1164 2465 1328 2533 codicibus
1343 2467 1379 2547 A,
1398 2464 1432 2545 C,

260 2581 284 2646 E
307 2579 428 2646 notavit
449 2580 524 2646 satis
545 2578 695 2647 accurate
719 2581 887 2668 descripsit
909 2582 961 2667 (de
982 2603 1044 2669 qua
1065 2574 1231 2649 33344333
1252 2580 1433 2647 Buechsen-

261 2696 459 2763 schuetzium
480 2698 528 2784 (¹),
551 2695 604 2783 qui
626 2717 642 2762 e
663 2695 776 2783 primis
795 2696 953 2783 capitibus
972 2718 1026 2764 sex
1045 2696 1156 2783 viginti
1178 2697 1267 2763 locos
1288 2695 1381 2762 allert
1400 2694 1434 2759 in

262 2810 379 2897 quibus
393 2820 486 2878 notas
502 2810 591 2878 Gailii
613 2810 797 2878 Dindorsms
820 2812 903 2878 male
928 2811 1152 2899 transcripsit),
1172 2831 1290 2898 neque,
1311 2809 1364 2876 ubi
1385 2831 1436 2876 co-

263 2925 387 2993 dicibus
413 2925 534 3013 aliquot
557 2925 745 2992 nominatim
775 2914 961 2994 memoratis
988 2937 1103 2994 ceteros
1133 2927 1182 2993 vel
1203 2926 1265 2992 hoc
1284 2925 1335 2992 vel
1357 2924 1435 2990 illud

262 3041 383 3108 habere
407 3040 505 3124 addit,
527 3040 602 3128 quid
629 3040 689 3108 sibi
713 3041 788 3108 velit
812 3041 890 3108 illud
914 3041 1067 3109 «ceteri»
1096 3041 1171 3109 satis
1195 3049 1328 3109 constat.
1356 3039 1436 3106 Sunt

264 3166 351 3224 certe
364 3156 427 3224 loci
440 3156 473 3222 in
489 3155 617 3244 quibua,
634 3178 707 3224 cum
718 3167 836 3225 3343333
846 3157 942 3241 44334,
959 3179 1042 3225 3333
1055 3159 1156 3226 33433
1166 3160 1189 3224 Α
1201 3156 1436 3242 intellegendus

265 3265 334 3340 esse
352 3271 521 3339 videatur:
542 3271 638 3340 veluti
653 3272 677 3355 l,
696 3276 723 3355 l,
741 3272 783 3340 44
804 3274 981 3362 «Εὔμαχον
997 3273 1031 3339 Β.
1048 3273 1080 3340 d.
1097 3273 1133 3339 D.
1153 3275 1185 3339 E.
1204 3273 1238 3339 F.
1256 3271 1290 3341 G.
1309 3273 1346 3338 H.
1361 3271 1384 3337 l.
1398 3271 1433 3336 ll.

263 3385 416 3455 tuerat
432 3388 597 3470 Εὔβουλον.
614 3410 627 3450 r
647 3387 726 3453 Item
743 3387 766 3470 l,
784 3389 815 3470 4,
832 3386 887 3469 35,
907 3392 986 3457 «καὶ
1002 3388 1074 3459 dtas
1089 3389 1122 3455 B.
1140 3387 1171 3455 C.
1189 3388 1223 3455 ll.
1239 3388 1272 3454 ll.
1290 3387 1312 3453 Ι.
1330 3385 1436 3454 Ceteri

238 3551 241 3555 «
265 3501 338 3573 &aa
353 3505 449 3588 aad»,
468 3499 521 3588 qni
537 3500 599 3566 sint
613 3500 645 3566 hi
661 3502 755 3568 ceteri
768 3500 906 3568 dubitari
928 3512 1051 3589 potest:
1072 3524 1147 3568 nam
1167 3504 1189 3568 4
1214 3500 1343 3589 quidem
1364 3499 1437 3571 3333

264 3620 321 3685 καί
339 3615 455 3696 43434;
473 3615 506 3680 43
522 3615 547 3680 D
563 3636 639 3682 vero
657 3626 688 3682 et
702 3616 737 3699 V,
756 3637 837 3703 qnos
847 3616 977 3684 nomine
991 3626 1167 3684 ceterorum
1177 3616 1335 3684 contineri
1346 3613 1436 3681 lacile

267 3729 337 3818 quis
352 3730 473 3812 333434,
492 3741 540 3797 334
552 3735 606 3800 καὶ
621 3729 703 3802 daeo.

312 3925 377 4009 §lt
401 3962 445 3975 -
466 3924 570 3992 Editio
585 3925 875 3992 Breitenbaclriana
894 3926 1100 3994 bibliotheca
1121 3925 1239 3993 Graecae
1259 3925 1335 3991 olim
1357 3925 1439 3990 Hen-

267 4039 453 4125 ningsianae,
469 4057 553 4109 3333
568 4040 799 4108 Teubnerianae
819 4040 1034 4129 (48534833)
1049 4040 1128 4107 nibil
1146 4041 1220 4107 novi
1236 4039 1350 4122 attulit,
1367 4051 1438 4126 qum

268 4155 352 4240 apud
367 4153 514 4236 Gailium,
530 4154 748 4238 Dindorlrum,
772 4156 948 4244 Sauppium
970 4156 1053 4243 (vide
1068 4178 1099 4243 p.
1119 4155 1152 4241 3)
1169 4165 1261 4222 33334
1276 4153 1351 4221 33443
1368 4153 1438 4219 dili-

268 4280 382 4356 333433·
396 4269 557 4357 descripta
573 4269 680 4339 habet.

312 4386 463 4452 Veterum
488 4405 564 4451 vero
591 4385 768 4452 editionum
786 4387 833 4472 (2),
854 4406 925 4472 quae
946 4386 1080 4452 sortasse
1101 4406 1139 4452 ex
1163 4383 1327 4451 codicibus
1350 4403 1436 4449 nunc

303 4572 332 4637 (¹)
346 4578 416 4625 Neue
429 4574 592 4626 1343433433
598 4575 653 4638 sttr
666 4574 802 4636 4444343343
815 4575 871 4623 334
884 4573 1037 4636 4444333343,
1054 4576 1131 4641 4854),
1146 4587 1171 4638 p.
1186 4575 1312 4625 545346.

304 4659 331 4721 (4)
346 4659 379 4709 De
393 4660 482 4722 quibus
496 4660 579 4710 rideas
593 4659 666 4709 ctiam
681 4659 794 4721 Gallium,
808 4659 826 4707 t.
837 4658 886 4724 llll,
902 4673 928 4724 n,
944 4671 967 4720 p.
987 4661 1034 4709 109
1050 4670 1102 4720 sqq.
