3382 5482
667 505 712 524 .—
756 474 799 539 63
844 509 889 519 ..-

192 615 313 704 ρευγυν
336 615 373 684 ἐκ
396 621 602 704 Συρακουσῶν
623 634 683 701 pro
708 623 796 680 cento
820 613 938 696 haheo,
964 631 1037 680 eum
1061 633 1156 701 supra
1181 613 1223 700 (l,
1246 611 1365 706 Mi)

192 727 296 796 fusius
310 749 347 796 ea
361 749 415 795 res
431 737 559 795 narrata
575 728 624 795 sit.

236 842 261 926 Ι,
288 842 321 926 3,
346 841 398 914 50.
423 843 534 924 νυκτὸς
564 843 744 926 ἀνοίξαντες
770 843 832 925 τάς
859 845 962 925 πέλας
988 843 1050 925 τάς
1077 846 1128 914 ἐπὶ
1155 844 1200 929 τὸΙ
1223 846 1366 933 Θρά.κιον

193 962 396 1047 καλουμένας.
416 995 460 1007 --
482 959 580 1025 Recte
603 957 799 1027 Hertleinius
827 967 859 1026 et
886 957 1069 1026 Dindotfius
1092 961 1297 1049 καλούμενον,
1321 959 1361 1025 cl.

73 1152 76 1158 Ι
193 1071 293 1139 Anah.
308 1072 378 1154 Vll,
397 1072 429 1155 1,
452 1070 495 1138 51
514 1072 549 1142 τὸ
570 1075 604 1142 δὲ
625 1077 734 1163 χωρίον
756 1064 815 1143 οἷον
833 1076 1002 1145 κάλλιστον
1021 1076 1222 1156 ἐκτάξασῦαέ
1239 1076 1309 1143 ἐστι
1328 1075 1364 1143 τὸ

195 1189 336 1276 Θράκιον
351 1189 551 1277 καλούμενον,
576 1191 686 1278 ἔρημον
705 1192 807 1258 οἰκιῶν
823 1191 879 1259 καὶ
897 1190 1035 1275 πεδινέν;
1068 1189 1175 1255 locum
1195 1209 1273 1256 veto
1286 1189 1367 1255 -Hel-

195 1301 322 1369 lenioon
337 1302 450 1370 Petrus
465 1301 595 1391 Gyllius,
614 1302 668 1391 qui
686 1312 833 1371 mortuus
849 1311 897 1372 est
912 1323 995 1370 anno
1007 1301 1105 1387 1555,
1120 1302 1154 1369 in
1169 1302 1252 1370 libro
1269 1323 1366 1390 quem

197 1416 320 1505 scripsit
341 1418 381 1485 de
398 1417 587 1504 regionibus
610 1417 700 1486 urhis
721 1417 1013 1506 Constantinopolis
1033 1418 1081 1507 (II.
1106 1417 1138 1484 5.
1162 1440 1195 1507 p.
1219 1417 1365 1505 55115)

196 1530 288 1599 allent
302 1552 376 1599 eum
391 1531 529 1599 lectione
545 1535 743 1623 καλούμενον.
858 1544 861 1549 ’

240 1647 273 1731 l,
285 1647 318 1714 5.
331 1648 546 1738 ’πορευομένοις
557 1649 666 1730 αὐτοῖς
676 1650 762 1739 παρά
782 1653 914 1735 βασιλέα
928 1651 1113 1741 ἀπήντησαν
1127 1651 1367 1732 καταβαίνοντες

197 1767 275 1833 οἵτε
290 1767 539 1853 Δακεδαιμονίων
553 1767 709 1854 πρέσβεις,
727 1766 877 1846 Βοιώτιος
889 1767 985 1854 ὄνομα
1000 1767 1056 1834 καὶ
1071 1767 1099 1832 οἱ
1115 1764 1185 1852 μετ’
1202 1763 1299 1833 αὐτοῦ
1314 1765 1370 1832 καὶ
1413 1854 1419 1867 x

197 1881 225 1947 οἱ
244 1879 334 1947 ἄλλοι
350 1878 476 1966 ἄγγελοι
491 1881 547 1949 καὶ
562 1881 664 1967 ἔλεγον
679 1887 753 1946 cett.
772 1917 833 1968 —‚
850 1882 905 1949 καὶ
920 1886 1025 1969 Κῦρος
1041 1879 1139 1969 ἀρξων
1154 1887 1228 1946 cett.
1245 1915 1290 1925 —
1304 1879 1370 1947 ἐπι·

198 1995 312 2082 στολήν
333 2021 369 2063 τε
391 1996 481 2084 ἔρερε
503 2002 577 2062 cett.
596 2031 640 2043 ·-
653 1993 711 2062 Hie
728 2015 789 2082 ego
805 2014 871 2060 non
886 1995 984 2061 modo
1001 1994 1097 2084 ὄνομα
1116 2013 1189 2061 oum
1204 1991 1370 2060 aindorfio

200 2106 385 2191 deleverim,
408 2109 465 2175 sed
485 2108 580 2176 etiam
602 2130 676 2176 eum
696 2109 868 2176 Holwerda
887 2110 1023 2198 ἄγγελοι.
1040 2109 1119 2178 Gnm
1137 2108 1222 2176 enim
1239 2108 1268 2177 ei
1282 2108 1371 2196 quod
1457 2130 1460 2134 “

200 2231 247 2288 est
262 2227 294 2291 οῖ’
308 2250 350 2292 τε
370 2227 621 2313 Δακεδαιμονίων
634 2227 778 2313 πρέσβεις
789 2223 988 2311 respondero
1002 2223 1149 2290 videatur
1167 2225 1236 2293 καλ
1254 2232 1369 2312 Κῦρος,

200 2334 345 2423 σειραίων
369 2345 404 2403 ut
427 2340 483 2407 καὶ
508 2340 535 2406 οἱ
563 2338 652 2408 ἄλλοι
676 2337 910 2406 Lacedaemonii
933 2336 1032 2405 fuisse
1053 2335 1261 2422 intellegendi
1286 2335 1370 2416 sint;

199 2460 312 2518 notum
329 2460 376 2519 est
399 2460 506 2518 autem
528 2451 628 2520 verbo
653 2453 792 2540 ἀγγέλων
812 2451 874 2519 nisi
893 2452 933 2519 de
955 2452 1069 2539 legatis
1092 2451 1179 2538 regis
1198 2452 1371 2519 Persarum

199 2566 444 2653 Xenophontem
459 2586 524 2632 non
538 2586 608 2633 esse
626 2587 733 2633 asum.
745 2560 844 2634 Putat
859 2577 967 2635 autem
982 2568 1153 2635 Holwerda
1172 2568 1373 2636 Lacedaemo-

199 2680 328 2748 niorum
347 2680 524 2767 legationes
542 2681 595 2749 hio
616 2682 864 2750 commemorari
883 2683 981 2767 duas,
1004 2703 1141 2772 quarum
1162 2684 1262 2750 altera
1285 2681 1372 2771 (καὶ

200 2800 235 2866 οἱ
259 2797 392 2883 ἄλλοι)
421 2795 519 2863 luerit
532 2795 585 2863 illa
600 2796 777 2886 Pasippidae
794 2798 838 2887 (v.
857 2797 889 2882 3,
907 2797 975 2884 la).
1032 2787 1034 2792 ’

245 2910 277 2979 3.
308 2916 529 3002 ικαταπέμπω
553 2919 655 3003 Κῦρον
682 2915 814 3003 κάρανον
838 2921 898 2982 τῶν
923 2917 969 2994 εἰς
994 2911 1166 2983 Καστωλὸν
1189 2912 1370 3001 ἀὲιροιζομέ-

200 3026 735 3117 νων·))1’)τὸδ“εικάρανονν
768 3031 854 3099 ἔστι
884 3030 1097 3117 salmoe»
1129 3064 1174 3075 -
1197 3027 1272 3093 Haec
1298 3047 1372 3093 cum

202 3152 233 3208 et
250 3141 426 3209 scholiastae
448 3142 546 3210 verba
567 3164 638 3210 esse
661 3142 782 3231 possint
804 3151 835 3210 et
849 3141 949 3231 ipsius
961 3141 1192 3230 Xenophontis,
1210 3139 1371 3228 equidem,

201 3265 238 3323 ut
257 3255 289 3322 in
310 3278 346 3324 re
368 3256 476 3340 dubia,
500 3251 539 3324 de
561 3265 648 3325 textu
669 3257 748 3325 nihil
767 3257 975 3341 mutaverim3
992 3258 1026 3324 in
1042 3279 1104 3346 qua
1119 3278 1155 3324 re
1171 3266 1236 3324 eta
1251 3242 1372 3325 coneto

203 3379 234 3438 et
247 3371 286 3437 ab
301 3370 466 3439 Dindorfio
483 3371 635 3440 dissentio
653 3372 707 3460 qui
724 3393 760 3440 ea
775 3373 974 3441 deleverunt.

247 3485 278 3553 7.
294 3487 400 3578 ἐπειδὴ
417 3489 451 3557 δὲ
467 3490 602 3558 ἐνιαυτοὶ»
615 3494 699 3577 τρεῖς
711 3485 804 3580 ἦσαν.
816 3488 945 3555 -Haee
960 3498 991 3554 et
1002 3495 1137 3575 propter
1150 3485 1211 3553 alia
1226 3497 1374 3574 suspecta

202 3609 275 3668 sunt
291 3600 343 3686 (de
359 3622 421 3688 qua
437 3622 474 3668 re
490 3600 599 3669 videas
618 3601 1000 3690 Bueohsensehuetzium)
1017 3610 1049 3669 et
1064 3601 1151 3690 quod
1166 3600 1270 3669 tribus
1283 3601 1374 3669 annis

203 3724 285 3802 post,
303 3714 336 3782 id
356 3727 415 3800 est,
436 3737 520 3784 anno
538 3715 616 3800 tot,
639 3737 713 3784 oum
729 3717 796 3806 jam
810 3717 895 3806 apud
911 3717 1006 3805 Αἰγὸς
1020 3716 1183 3806 ποταμοὺς
1196 3725 1374 3804 pugnatum

204 3840 298 3914 esset,
325 3851 390 3898 non
409 3830 476 3921 jam
506 3842 574 3899 erat
597 3831 839 3900 Atheniensium
872 3831 1031 3899 exereitus
1055 3829 1168 3919 (πρὸς
1199 3831 1242 3900 τὸ
1277 3832 1373 3900 ἄλλο

203 3949 478 4035 στρατόπεδον
502 3947 722 4035 ἀπέπλευσαν).
747 3946 942 4035 corruptam
955 3945 1054 4032 igitur
1064 3965 1134 4012 esse
1148 3945 1255 4012 locum
1272 3954 1371 4032 puto:
1453 3984 1456 3988 -

203 4079 308 4147 neque
331 4082 409 4128 vero
431 4063 534 4150 placet
555 4064 638 4130 AEm.
671 4061 812 4132 lluelleri
838 4060 1022 4150 conjectura
1044 4060 1151 4152 ἐπειδὴ
1174 4062 1208 4131 δὲ
1228 4060 1291 4135 (vel
1308 4062 1375 4130 ἐπεὶ

202 4175 229 4245 δ’
249 4176 435 4265 ἤδηλαάτῶ.
455 4185 560 4268 βαρεῖς
575 4175 668 4270 ἦσαν.

246 4288 302 4357 13.
320 4295 462 4378 λέγοντες
474 4292 617 4381 (codices
630 4293 752 4360 addant
766 4291 827 4376 ὅτι,
840 4293 927 4381 quod
941 4290 1125 4360 Dindorfius
1140 4289 1268 4376 delevit)
1278 4293 1306 4359 οἳ
1322 4290 1377 4378 μὲν

202 4404 244 4485 ὡς
264 4408 434 4495 κράτιστος
458 4409 506 4497 εἴη
529 4416 589 4476 τῶν
611 4416 744 4478 πολιτῶν
764 4413 820 4479 καὶ
841 4411 932 4498 μένος
956 4409 1197 4497 ἀπελογήθη
1220 4403 1266 4491 (ill
1289 4401 1376 4470 GOdi·

119 4596 123 4604 ,
202 4518 292 4586 oihus
313 4521 474 4589 nonnullis
497 4532 545 4590 est
569 4521 831 4614 ἀπηγγέλὲιη)
865 4524 906 4605 ὦς
931 4523 965 4593 οὔ
990 4525 1118 4603 δικαίως
1133 4522 1225 4610 ρέγοι
1238 4526 1312 4587 cett.
1332 4555 1377 4566 -

203 4677 414 4688 ——-—--

239 4760 271 4827 (¹)
285 4761 321 4814 (ll.
337 4763 415 4814 Anah.
429 4764 447 4827 1,
465 4765 485 4827 t,
503 4764 527 4815 1.
545 4767 570 4829 a,
585 4767 610 4830 7,
622 4761 664 4813 uhi
678 4775 721 4825 pro
740 4778 844 4826 «αρε...
865 4760 1037 4824 scriptumest
1055 4775 1202 4825 ..μεηγια
1300 4817 1302 4821 ,
