3382 5482
895 687 934 748 E.

376 921 494 1005 ἔδοσαν,
510 920 636 1004 issaar,
651 935 717 983 non
730 918 858 1003 ἔδωκαν,
876 918 1008 1004 ἔὲληκαν,
1025 936 1056 1003 p.
1071 912 1114 982 73
1129 935 1197 1002 sqq.

377 1037 531 1122 εἶλεγμαι,
547 1035 709 1121 λέλώγμαι,
727 1051 758 1118 p.
776 1028 830 1098 88.

377 1153 477 1237 εἴργω,
494 1150 594 1237 niqra,
611 1145 712 1233 ΜΟ,

378 1264 587 1351 ἐνενηκοστὸς,
603 1282 669 1329 non
683 1262 909 1350 ἐννελνηκοστὸς,
926 1283 957 1348 p.
974 1259 1027 1328 l9.

378 1379 576 1466 ἐπιμέλομαι,
592 1380 809 1466 ἐπιμελοῦμαι,
827 1398 857 1464 p.
873 1374 927 1443 31.

377 1490 543 1580 suspectu,
560 1492 695 1581 εὖορκῶε
712 1500 931 1576 augmentum,
949 1512 979 1577 p.
998 1487 1051 1559 78.

378 1605 502 1694 alloes,
517 1615 738 1692 augmentum,
754 1626 785 1693 p.
804 1603 857 1675 78.

378 1723 446 1803 aaa
460 1720 608 1808 (uomina
618 1722 684 1809 iul:
704 1721 744 1788 de
759 1740 872 1788 eorum
887 1720 1117 1804 contractione,
1134 1741 1166 1809 p.
1185 1719 1223 1788 81
1238 1743 1246 1803 ;
1264 1720 1304 1788 de
1320 1739 1435 1788 eorum
1445 1741 1502 1788 no·

335 1835 485 1905 minatiro
499 1836 625 1924 plurali,
642 1858 673 1924 p.
691 1834 752 1919 823
771 1835 810 1902 de
825 1835 1005 1931 accusalivo
1022 1834 1149 1924 plurali,
1165 1855 1196 1922 p.
1216 1833 1258 1904 80
1274 1857 1343 1923 sqq.

899 2107 936 2168 Z.

379 2324 453 2408 ζὼς,
469 2322 570 2408 ζωιόών
588 2342 618 2407 P·
636 2317 689 2386 ll.

896 2579 937 2639 H.

379 2793 463 2882 ήνών,
479 2811 545 2858 non
559 2792 646 2883 ἠϊών,
663 2809 694 2878 p.
711 2788 764 2857 71.

381 2933 433 2997 αης
447 2904 589 2991 (nomina
605 2904 639 2971 in
650 2933 703 2996 -ης
714 2905 815 2974 lertiaa
825 2905 1047 2974 declinationis
1061 2905 1281 2994 heteroclilal:
1298 2913 1399 2993 quem·
1409 2899 1514 2974 accu·'

336 3020 470 3088 sativum
485 3022 681 3108 singularem
696 3019 846 3105 habeant,
866 3021 967 3109 p.·80.

901 3295 938 3356 Θ.

381 3509 470 3576 sluaa
492 3507 668 3595 εὖαγγελια,
685 3529 717 3594 p.
735 3505 789 3574 67.

382 3623 572 3708 Θράσυλλος,
590 3623 760 3710 Θρασύλος,
779 3643 809 3708 p.
829 3619 866 3687 ll
887 3624 941 3709 sq.¹

907 3882 932 3942 I.

384 4091 563 4179 lrnperalivi
585 4092 679 4160 tertia
704 4113 841 4181 persona
860 4094 991 4182 pluralis
1014 4123 1119 4184 -ντων,
1147 4103 1260 4179 asan,
1281 4116 1349 4164 non
1372 4103 1503 4184 -τωσαν,

214 4254 217 4259 ·
341 4213 494 4294 -σὲδωσαν,
512 4228 542 4295 p.
564 4206 606 4275 76
623 4229 690 4297 sqq.

905 4466 946 4528 K.

384 4679 569 4766 ώαληηδών,
587 4681 768 4767 Χαληηδών,
787 4691 851 4745 nou
867 4683 1048 4768 Χαλκηδών,
1066 4702 1097 4767 p.
1116 4680 1158 4748 l7
1175 4703 1222 4769 sq.
