3382 5482
800 423 1022 487 ..46-

597 563 629 648 7,
645 564 688 631 19
712 567 784 635 δότε
800 586 859 652 pro
875 566 991 646 δόντες.

643 669 686 737 bit
710 672 850 753 Κόνωνος
865 692 925 759 pro
940 678 1114 741 Καννωνοῦ.

645 775 685 843 11
711 777 765 847 τὸν
788 778 880 867 ἐμὸν
903 778 1111 867 προσήκοντα.
1137 774 1181 843 bl
1197 779 1371 865 uprbe'vceg.

647 881 690 950 23
714 886 902 970 ξνλλέγεσὲνε
927 883 1018 973 ὑμεῖς
1040 884 1079 974 δή
1107 902 1165 970 pro
1185 885 1391 970 ξολλέγεοῖναι
1411 882 1498 972 ὑμᾶς

754 997 809 1061 δεῖ.

714 1124 751 1165 τι
774 1103 910 1186 brubno.

645 1203 688 1271 16
713 1204 757 1294 μὴ
776 1207 806 1274 ἐν
822 1224 883 1291 pro
900 1211 980 1292 prin.
1009 1201 1052 1270 17
1068 1202 1279 1273 ἀποκτενεῖτε.

646 1307 689 1376 19
713 1309 818 1390 αὐτάς
834 1329 893 1396 pro
910 1306 949 1378 ἂν
966 1311 1038 1389 τοὶς.
1119 1353 1123 1360 -

643 1413 686 1482 30
711 1415 951 1485 &uoluntatem
967 1434 1026 1502 pro
1044 1414 1250 1484 ἀπολωλυιῶν.

645 1519 688 1588 31
711 1524 786 1608 δίχα
800 1524 990 1610 χειροτονίας
1006 1541 1066 1608 pro
1079 1522 1331 1609 διαχειροτονίας.

366 1688 385 1770 1
411 1684 465 1751 15.
497 1723 542 1733 -
571 1684 616 1750 Ex
644 1682 694 1749 his
720 1692 853 1770 apparet
877 1681 1006 1750 codices
1032 1681 1172 1770 optimos
1197 1703 1267 1750 esse
1291 1681 1314 1748 B
1336 1689 1368 1747 et
1384 1701 1428 1748 e:
1454 1688 1496 1762 et,

324 1819 518 1889 quamquam
532 1796 652 1866 codicis
666 1798 689 1865 B
705 1796 857 1864 librarius
874 1796 991 1885 saepius
1009 1796 1137 1864 videtur
1146 1816 1295 1885 peccasse
1306 1816 1403 1883 quam
1414 1795 1499 1862 codi-

324 1915 369 1983 cis
385 1937 417 2000 u,
430 1925 539 1981 tamen
552 1913 605 1980 ille
620 1912 720 2002 pluris
736 1911 902 1980 faciendus
918 1921 977 1995 est,
997 1921 1173 2000 propterea
1187 1910 1360 1999 quodcum
1367 1909 1400 1977 in
1412 1909 1498 1998 prio-

325 2029 369 2096 rls
384 2027 491 2117 stirpis
505 2026 670 2096 codicibus
685 2027 773 2094 sulus
786 2027 920 2094 alteram
932 2026 1067 2094 classem
1083 2025 1209 2108 efficiat,
1227 2034 1295 2092 tum
1307 2024 1401 2093 etiam
1411 2025 1498 2092 haud

324 2162 399 2210 raro
417 2163 502 2210 verae
523 2141 670 2209 lectionis
686 2140 720 2207 in
736 2140 854 2208 ceteris
870 2140 1020 2209 omnibus
1036 2161 1133 2229 prava
1154 2141 1355 2208 correctione
1375 2139 1500 2208 oblitte-

324 2267 400 2326 ratae
422 2255 555 2344 vestigia
576 2256 715 2324 servavit
736 2257 836 2344 (velut
856 2257 880 2339 l,
904 2255 936 2339 1,
961 2255 1014 2324 ab.
1039 2255 1072 2340 1,
1097 2255 1129 2324 3.
1152 2257 1183 2340 7,
1206 2256 1261 2323 19.
1285 2255 1353 2343 17),
1374 2255 1451 2324 item
1466 2255 1500 2322 in

322 2373 421 2441 rebus
438 2371 697 2460 orthographicis
718 2381 845 2440 veteres
861 2371 984 2438 formas
999 2372 1094 2459 paulo
1112 2370 1296 2458 diligentius
1311 2369 1437 2438 videtur
1452 2391 1501 2436 re-

322 2486 466 2555 tinuisse.
488 2525 533 2537 -
551 2487 606 2554 llis
630 2485 685 2574 qui
700 2485 841 2578 bonitate
857 2487 1024 2574 proximus
1040 2496 1087 2553 est
1103 2487 1126 2554 L
1142 2496 1173 2553 et
1189 2485 1258 2574 ipsc
1275 2486 1351 2553 satis
1368 2505 1500 2552 accura-

323 2611 390 2668 tum
404 2601 531 2669 videtur
546 2600 713 2669 librarium
727 2601 889 2684 habuisse,
907 2601 1026 2690 quippe
1046 2601 1114 2690 qui,
1132 2601 1249 2689 quibus
1260 2601 1341 2669 locis
1352 2601 1385 2666 in
1397 2620 1502 2669 exem-

324 2715 404 2803 plari
421 2736 479 2783 suo
494 2717 622 2783 lacunas
638 2715 768 2798 invenit,
786 2736 840 2783 eas
856 2717 1058 2804 plerumque,
1077 2719 1187 2805 quales
1206 2728 1307 2799 erant,
1328 2715 1499 2784 notaverit

323 2830 402 2897 nihil
418 2831 458 2897 de
476 2851 535 2898 suo
550 2831 699 2919 supplere
719 2840 862 2898 conatus.
888 2871 929 2880 -
949 2831 1082 2902 Codices
1105 2853 1182 2901 vero
1199 2833 1224 2900 D
1239 2833 1310 2899 etV
1325 2831 1426 2900 bonas
1439 2832 1502 2898 lec-

323 2945 427 3014 tiones
453 2944 571 3012 habent
593 2945 638 3012 illi
659 2945 789 3034 quidem
813 2966 879 3014 non
904 2967 1033 3034 pancas
1060 2948 1118 3014 sed
1144 2946 1223 3013 mihi
1241 2954 1348 3013 tamen
1373 2945 1501 3014 videtur

324 3071 461 3148 uterque
484 3081 543 3149 per
562 3082 596 3129 se
613 3060 682 3149 ipse
702 3060 833 3150 quidem
847 3061 937 3149 parvi
954 3062 1129 3145 faciendus,
1146 3067 1220 3129 cu'm
1234 3071 1373 3150 uterque
1394 3080 1500 3128 acor·

324 3184 451 3242 rectore
466 3175 676 3264 interpolatus
690 3176 740 3244 sit.
761 3215 805 3224 -
820 3175 927 3245 Codex
941 3177 954 3244 l
970 3197 1011 3245 an
1026 3177 1111 3245 inter
1125 3175 1264 3265 optimos
1280 3177 1500 3243 numerandus

323 3290 373 3373 sit,
393 3289 528 3358 dubium
545 3300 593 3358 est
610 3314 616 3358 :
635 3312 732 3378 quem
749 3312 864 3379 parum
883 3301 997 3359 notum
1014 3312 1083 3359 esse
1099 3311 1195 3379 supra
1212 3290 1359 3357 diximus.
1470 3360 1472 3364 ⁴

367 3405 505 3473 Alterius
522 3404 629 3492 stirpis
645 3406 773 3474 codices
789 3417 824 3474 ut
838 3407 965 3475 initium
980 3407 1055 3474 libri
1066 3406 1167 3495 quinti
1180 3407 1213 3473 in
1225 3406 1340 3475 ceteris
1351 3405 1500 3473 mutilum

325 3525 489 3606 integrum
510 3521 660 3588 videntur
683 3522 858 3590 servavisse
885 3524 934 3610 (¹),
956 3523 1000 3590 ita
1023 3523 1056 3591 in
1077 3523 1265 3591 uuiversum
1287 3521 1388 3610 priori
1409 3521 1502 3609 stirpi

327 3634 428 3701 multo
448 3642 521 3701 sunt
539 3634 753 3722 posthabendi
771 3657 779 3702 ε
802 3635 942 3724 primum
961 3638 1046 3725 quia,
1063 3647 1210 3725 utsupra
1225 3637 1345 3704 dietum
1362 3647 1420 3720 est,
1440 3637 1499 3705 hos

328 3747 401 3816 satis
416 3757 562 3816 accurate
577 3748 710 3817 collatos
723 3771 788 3817 non
801 3750 957 3819 habemus
966 3775 975 3835 ;
994 3752 1109 3820 deinde
1132 3751 1218 3840 quia,
1237 3750 1346 3839 quanti
1363 3750 1502 3819 faciendi

326 3864 400 3947 sint,
422 3885 460 3930 ex
481 3885 519 3932 eo
539 3863 726 3952 intellegere
746 3855 934 3954 lieet'quod,
951 3888 1024 3934 cum
1037 3867 1118 3934 locis
1132 3865 1175 3935 56
1192 3865 1310 3955 prioris
1327 3865 1434 3955 stirpis
1449 3887 1501 3933 co-

327 3979 413 4046 dices
428 3979 584 4047 sinceram
599 3979 771 4049 lectionem
786 3981 955 4050 exhibeant
975 3982 1008 4049 iu
1029 3981 1342 4070 dinumeratam,
1362 3980 1382 4049 6
1403 3981 1501 4048 modo

324 4093 386 4163 loei
406 4104 480 4162 sunt
498 4094 554 4162 ubi
576 4117 614 4164 ex
634 4095 710 4164 solis
730 4096 804 4166 ACE
821 4119 897 4166 vera
914 4097 1009 4166 lectio
1024 4095 1230 4188 petendasit.
1248 4095 1400 4165 Ceterum
1417 4095 1504 4163 codi-

360 4285 392 4351 (¹)
409 4286 560 4351 Quemquam
579 4285 604 4336 in
624 4287 676 4336 loco
694 4287 722 4346 1,
743 4288 765 4352 t,
784 4288 814 4338 13
837 4288 958 4338 erravisse
980 4288 1088 4338 editores
1103 4289 1162 4351 puto
1182 4287 1224 4351 qui
1240 4288 1329 4338 horum
1343 4287 1454 4338 codicum
1467 4287 1502 4338 ita

325 4374 444 4426 11111011θηὶ
464 4376 597 4427 habuerint
613 4374 649 4426 1111
669 4375 712 4426 alli
728 4393 768 4426 lul
787 4391 882 4435 ταύτην
901 4375 1013 4426 delerent
1034 4376 1077 4426 aul
1091 4392 1132 4426 tut
1150 4393 1195 4432 τὰς
1213 4389 1307 4434 ταύτηι
1327 4390 1389 4432 ναῦς
1407 4375 1507 4428 Sillim·

325 4465 389 4514 rent.
408 4462 457 4526 Ego
474 4464 617 4527 scripserim
636 4465 664 4514 ut
681 4466 720 4514 est
743 4463 768 4513 in
785 4462 877 4527 prioris
894 4463 980 4524 stirpis
998 4463 1143 4514 codicibus:
1164 4475 1308 4513 reatuum
1331 4471 1360 4511 tt
1382 4477 1424 4512 rat
1443 4478 1503 4514 uu·
1555 4509 1557 4513 ,

324 4582 455 4616 τηι.......
475 4570 630 4617 sterpetum
644 4570 782 4619 ναύαρχον,
796 4582 824 4594 -
839 4570 877 4603 lul
896 4567 1049 4610 ταύταςτὰς
1063 4569 1123 4610 ναῦς
1144 4551 1340 4603 additamentum
1355 4561 1410 4600 esse
1423 4551 1504 4602 010111·

323 4643 401 4693 derim
417 4643 585 4710 alienissimi,
601 4655 657 4695 cum
672 4644 696 4694 in
707 4643 841 4712 exemplari
851 4657 868 4706 y
878 4641 1085 4704 lacnnaevestigiu
1095 4639 1234 4692 oblitterata
1247 4639 1340 4704 essent,
1355 4654 1395 4688 rei
1408 4653 1503 4698 enum
1586 4637 1596 4651 ⁰

323 4730 357 4781 ita
370 4732 548 4794 interpretatus
563 4726 606 4784 rit
