3382 5482
812 484 857 493 ..
901 445 944 511 52
990 484 1034 493 ..

337 589 464 658 codices
485 608 551 656 non
576 587 714 655 multum
736 586 919 654 recessisse.
947 586 1048 675 Ipsius
1072 595 1179 653 autem
1202 585 1365 675 archetypi
1387 595 1508 654 textum

335 705 431 772 variis
449 703 781 791 modis-depravatum
800 700 897 769 fuisse
919 711 950 768 et
968 712 1035 768 tum
1049 699 1192 784 lacunis,
1200 711 1269 768 tum
1284 700 1509 768 additamentis

337 828 525 907 corruptum
537 817 615 884 mihi
631 817 699 885 veri
715 816 817 885 simile
834 826 893 900 est,
912 817 969 883 sed
986 825 1092 882 tamen
1102 816 1146 883 ita
1155 826 1191 884 ut
1201 816 1309 883 multis
1319 817 1398 884 locis
1408 817 1508 885 inter-

335 934 478 1021 polatum
489 953 558 1000 esse
571 942 692 999 textum
703 929 857 1018 suspicari
868 930 973 1013 liceat,
988 930 1153 998 emendari
1163 952 1258 1018 posse
1269 931 1508 1018 desperandum

334 1047 383 1114 sit.
407 1048 486 1115 Cum
508 1067 585 1114 vero
609 1045 874 1133 interpolationes
899 1044 961 1111 sint
983 1065 1060 1112 non,
1074 1065 1184 1132 paucae
1210 1045 1251 1112 de
1272 1044 1389 1132 quibus
1407 1067 1508 1135 nemo

335 1162 470 1246 dubitet,
489 1160 584 1229 etiam
600 1160 676 1228 alias
692 1181 761 1228 esse
778 1181 850 1248 quae
868 1169 957 1227 certo
974 1158 1067 1247 argui
1080 1169 1242 1247 nequeant
1255 1159 1330 1227 satis
1340 1160 1508 1247 probabile

335 1286 382 1344 cst
402 1299 409 1343 :
435 1277 708 1364 quemadmodum
727 1275 827 1342 codex
842 1277 878 1358 V,
896 1276 937 1342 de
953 1296 1018 1362 quo
1039 1295 1137 1362 supra
1155 1273 1352 1356 dictumest,
1376 1273 1403 1341 si
1422 1295 1509 1342 unus

335 1401 478 1458 servatus
493 1400 587 1474 esset,
606 1391 705 1457 multa
722 1410 781 1478 pro
797 1388 1038 1477 Xenophonteis
1054 1389 1217 1457 ferrentur
1230 1409 1301 1476 quae
1313 1376 1508 1457 correctoris

335 1516 426 1588 sunt;
447 1505 589 1593 itemque
607 1526 645 1573 eo
666 1505 738 1572 loco
759 1503 815 1590 qui
838 1513 887 1571 est
908 1504 932 1586 l,
957 1504 989 1586 7,
1012 1503 1067 1585 19,
1093 1502 1127 1569 in
1148 1502 1256 1571 verbis
1276 1506 1305 1572 ei
1329 1503 1372 1594 μὴ
1396 1507 1505 1592 πλέον,

335 1621 420 1691 ἀλλὰ
436 1624 510 1710 μίαν
524 1621 644 1710 ἡμέραν
660 1621 766 1700 δόντες
781 1626 835 1686 aut
851 1637 948 1685 nemo
963 1616 1146 1684 ollendebat
1158 1625 1215 1684 aut
1230 1615 1416 1705 conjectura
1431 1621 1507 1707 μίαν

332 1736 360 1823 γ’
386 1736 505 1826 ἡμέραν
527 1735 618 1801 valde
639 1733 813 1822 probabilis
837 1753 906 1801 esse
927 1731 1107 1820 videbatur,
1126 1731 1232 1819 quoad
1246 1731 1366 1799 scholia
1390 1730 1424 1798 in
1448 1731 1509 1799 Dc-

333 1851 535 1917 mosthenem
546 1859 577 1916 et
587 1847 920 1917 AEschinemecodice
930 1846 1053 1915 Patmio
1064 1847 1173 1915 saeculi
1184 1847 1301 1915 decimi
1312 1848 1351 1914 ab
1361 1847 1507 1916 iohanne

334 1964 519 2032 Saccelione
545 1963 578 2029 in
607 1968 764 2034 Achaioi
791 1968 1014 2054 ἓλληνικῆς
1043 1963 1375 2052 ἀλληλογραφίας
1401 1983 1508 2050 nuper

336 2079 421 2146 edita
437 2098 546 2145 veram
560 2077 732 2145 lectionem
748 2082 776 2148 ed
791 2079 835 2170 psl
851 2082 953 2166 πλέον,
973 2078 1058 2148 ἀλλὰ
1081 2075 1154 2147 κᾶν
1178 2079 1251 2166 μίαν
1264 2078 1385 2168 ἡμέραν
1399 2080 1508 2160 δόντες

336 2215 406 2261 esse
422 2194 603 2260 docuerunt
619 2176 702 2279 (ride
718 2202 808 2264 Δελτ.
828 2196 892 2263 etl.
911 2193 997 2274 att,
1016 2190 1114 2274 1877,
1132 2213 1163 2279 p.
1180 2190 1247 2275 10).

376 2309 472 2377 Multa
491 2307 525 2374 in
545 2306 715 2375 Hellenicis
737 2307 873 2375 feliciter
896 2305 1034 2375 correxit
1055 2306 1206 2390 Cobetus,
1231 2307 1384 2374 nonnulla
1408 2305 1505 2374 etiam

333 2422 519 2509 Madvigius,
540 2422 728 2490 criticorum
748 2422 803 2510 qui
821 2443 907 2489 nunc
928 2430 1000 2488 sunt
1013 2421 1109 2508 longe
1126 2420 1287 2509 principes
1297 2445 1305 2505 ;
1322 2431 1391 2488 tum
1408 2420 1506 2489 etiam

334 2537 385 2604 alii
398 2538 432 2603 in
447 2557 518 2605 eam
536 2558 607 2605 rem
621 2557 752 2625 operam
769 2539 992 2620 contulerunt,
1006 2557 1044 2603 ex
1060 2535 1176 2623 quibus
1191 2535 1266 2604 satis
1283 2536 1345 2604 erit
1358 2537 1503 2621 laudare,

334 2652 389 2740 qui
409 2673 513 2740 nuper
538 2652 789 2740 (amstelodami,
807 2651 906 2740 1866)
924 2651 1022 2719 edidit
1036 2653 1286 2720 Artoototiottem
1306 2652 1452 2720 criticum
1468 2653 1506 2719 in

333 2746 553 2856 Xenophontis
567 2768 744 2853 Hellenica,
758 2768 973 2836 Holwerdam.
989 2767 1132 2836 Richteri
1146 2769 1185 2836 de
1202 2768 1504 2856 interpolationibus

332 2881 365 2947 in
388 2881 608 2969 Xenophontis
629 2882 765 2970 scriptis,
788 2882 969 2970 praesertim
992 2881 1032 2949 in'
1045 2882 1184 2950 Anabasi
1209 2882 1295 2950 etin
1317 2883 1502 2967 Hellanicis‚

331 2996 457 3064 libellus
482 2996 620 3085 [Lipsiae,
647 2998 732 3086 apud
755 2997 972 3081 Teubnerum,
1003 2995 1101 3086 1873]
1123 3000 1157 3086 (¹)
1184 3019 1250 3065 non
1277 3000 1413 3066 multum
1428 2998 1503 3066 novi

332 3111 445 3178 attulit.
462 3112 530 3198 Ego
544 3112 595 3179 hic
609 3133 675 3180 non
686 3099 721 3180 id
731 3133 825 3200 agam
834 3122 870 3180 ut
882 3113 1120 3180 annotationem
1131 3112 1274 3181 criticam
1285 3113 1434 3198 scribam,
1446 3114 1503 3183 sed

331 3225 410 3293 illud
430 3229 517 3315 quod
539 3228 614 3311 dixi,
638 3237 760 3295 textum
775 3228 963 3296 Hellenicon
977 3229 1068 3295 valde
1084 3228 1293 3316 depravatum
1315 3249 1398 3313 esse,
1423 3249 1503 3297 non·

331 3342 425 3409 nullis
442 3343 593 3431 exemplis
609 3365 626 3411 e
642 3343 726 3412 libro
743 3344 767 3411 l.
787 3344 964 3432 desumptis
978 3343 1227 3431 comprobatum
1242 3343 1347 3411 velim.

375 3572 394 3654 §
408 3568 462 3637 10.
484 3608 530 3618 —
546 3569 674 3637 Initium
692 3570 798 3658 ipsum
813 3571 921 3660 operis
936 3572 1139 3660 deperditum
1155 3593 1224 3641 esse
1244 3572 1321 3641 mihi
1338 3572 1412 3642 satis
1428 3595 1503 3661 pro-

330 3683 436 3751 babile
459 3683 595 3750 videtur.
622 3684 668 3751 De
693 3705 755 3773 qua
776 3706 811 3752 re
835 3706 907 3773 quae
931 3686 1081 3756 disseruit
1104 3688 1455 3757 Buechsenschuetzius
1469 3688 1503 3756 in

329 3798 510 3886 Philolopo,
527 3797 626 3882 1859,
643 3821 673 3888 p.
690 3798 756 3867 508
772 3821 856 3888 sqq,
873 3800 924 3868 hic
939 3801 1083 3869 breviter
1097 3803 1303 3890 complectar.

374 3914 592 4001 Praeterquam
603 3915 701 4002 quod,
714 3914 837 3982 etiamsi
848 3917 1096 4004 Xenophontem
1112 3938 1151 3984 eo
1166 3916 1298 3985 consilio
1314 3917 1354 3984 ad
1365 3916 1503 3986 conseri-

329 4027 436 4096 benda
450 4028 612 4096 Hellenica
633 4017 822 4117 aggressum
845 4052 915 4098 esse
940 4031 1116 4099 credideris
1137 4031 1184 4098 uti
1208 4052 1288 4120 opus
1310 4032 1503 4122 Thucydidis

329 4141 553 4230 imperfectum
570 4144 759 4228 absolveret,
777 4129 883 4213 tamen
898 4145 1017 4213 mirum
1031 4145 1133 4213 videri
1147 4156 1254 4234 potest
1268 4147 1355 4234 quod
1365 4166 1383 4212 a
1395 4145 1502 4214 verbis

331 4258 414 4346 μετὰ
437 4259 471 4327 δὲ
494 4267 599 4329 ταῦτα
619 4281 712 4326 orsus
734 4239 785 4343 sit,
805 4261 874 4328 haec
896 4259 993 4328 verba
1014 4261 1174 4349 nequead
1190 4281 1312 4349 eaquae
1329 4260 1503 4350 abThucy·

330 4370 403 4438 dide
418 4370 472 4438 lib.
486 4371 559 4454 Vlll,
576 4392 644 4460 cap.
660 4372 737 4455 107,
748 4384 932 4457 narrantur,
946 4395 1019 4442 cum
1034 4374 1136 4464 capita
1149 4374 1338 4463 interposita
1349 4374 1411 4443 sint
1422 4375 1500 4458 duo,

366 4629 396 4694 (¹)
421 4631 550 4684 Krttuche
579 4590 809 4698 occasionalem
824 4633 899 4684 ather
919 4633 963 4684 die
988 4624 1214 4699 Intemoluttoacn
1234 4640 1262 4687 tc
1285 4636 1338 4688 den
1364 4589 1502 4701 scarpim

328 4719 494 4783 Xenophane.
