3382 5482
742 458 786 470 ...
831 420 873 487 59
919 457 963 469 .-

313 559 393 626 Snnt
407 558 506 646 igitur
520 559 553 625 in
569 558 739 627 Hellenicis
756 559 891 628 delenda
906 561 975 626 haec
994 583 1001 627 ε
1104 579 1107 584 ·

310 702 334 785 1,
351 701 415 786 0,1
443 697 474 773 (δι
494 696 534 795 ἦν
549 741 595 751 -
609 702 826 794 Εόκτημονος.

358 816 390 901 3,
408 816 424 883 1
452 821 733 898 Παντακλέους-
750 819 943 905 Ἀντιγένους
965 825 996 883 et
1013 823 1094 886 δυοῖν
1110 819 1165 885 καὶ
1186 819 1360 885 εἴκοσιν-
1382 844 1440 886 πα·

484 934 710 1022 ρεληλυδότων.

358 1046 391 1130 6,
407 1047 424 1113 1
451 1049 559 1118 Πιτία
570 1085 615 1094 -
631 1047 806 1137 Ἀἓνηνησιν
821 1055 853 1112 et
868 1048 922 1119 καὶ
938 1054 989 1115 τῶι
1011 1048 1142 1135 πολέμιοι
1163 1083 1208 1094 -
1224 1046 1309 1114 ἐτῶν.

305 1161 342 1244 ΙΙ,
359 1161 391 1244 1,
408 1160 427 1226 7
452 1164 528 1232 ἐτῶν
543 1199 588 1210 -
602 1161 873 1250 παρεληλυὲνότων.

385 1273 427 1344 10
451 1278 503 1346 ἐπὶ
517 1313 562 1332 -v
578 1276 730 1358 Ἀλεξίου.

358 1388 392 1473 3,
408 1390 424 1456 1
453 1384 485 1461 a
504 1387 545 1482 ῆν
559 1431 603 1450 .-
616 1391 781 1480 όλιγαρχία
795 1385 864 1462 τόδε.
942 1477 945 1484 Ι

349 1504 426 1574 9-10
450 1509 496 1587 εἰς
511 1507 527 1576 ὃ
544 1507 699 1596 ἑξάμηνος
714 1545 759 1554 -
772 1508 878 1576 οἶκαδε
892 1508 1113 1576 κατέπλευσεν.

308 1664 369 1731 Alii
390 1685 468 1732 vero
490 1675 564 1731 sunt
584 1664 646 1732 loci
665 1665 721 1733 ubi
742 1664 844 1752 magis
864 1663 961 1732 dubia
979 1684 1031 1731 res
1055 1663 1295 1746 emendentur,
1313 1662 1436 1731 iivido·

264 1777 338 1846 lieet
352 1777 407 1845 ubi
422 1799 474 1845 res
490 1788 785 1848 commemorantur
800 1800 871 1866 quae
888 1779 1002 1846 eodem
1023 1788 1168 1866 tempore
1184 1778 1358 1846 acciderint
1372 1777 1433 1845 illae

264 1891 409 1981 quidem,
426 1892 482 1960 sed
496 1903 603 1960 tamen
617 1914 635 1959 a
650 1893 748 1960 rebus
763 1893 837 1960 belli
853 1892 1117 1983 Peloponnesiaci
1133 1893 1265 1961 omnino
1284 1892 1348 1961 sint
1362 1893 1434 1960 alie-

263 2031 323 2077 nae.
343 2011 412 2077 Hue
425 2010 595 2077 referenda
605 2019 677 2077 sum
687 2009 828 2096 primum
839 2030 876 2076 ea
888 2029 959 2096 quae
972 2009 1011 2076 de
1023 2008 1138 2076 Siciliae
1150 2009 1249 2076 rebus
1261 2008 1431 2076 dicamur:

306 2152 330 2235 1,
348 2151 380 2235 1,
397 2150 439 2218 37
454 2155 509 2222 καὶ
531 2152 546 2221 ὁ
571 2151 710 2233 ἐνιαυτὸς
726 2155 833 2241 ἔληγεν
906 2149 1091 2218 Secundum
1130 2150 1307 2218 Diodorum
1340 2150 1432 2233 (XIII,

264 2258 368 2346 (110),
388 2260 418 2328 ἐν
434 2253 466 2327 ὧι
486 2259 693 2346 Καρχηδόνιοι
708 2258 834 2342 Ἀννίβα
861 2256 929 2344 51),
955 2259 1024 2325 haeo
1044 2258 1197 2325 archonte
1217 2257 1325 2324 Diocle
1341 2255 1431 2344 (109)

243 2359 430 2456 ,ἡγουμένου
445 2365 694 2452 στρατεύσαντες
710 2365 760 2432 ἐπὶ
775 2371 831 2432 Σι-
862 2373 951 2448 gesta
974 2372 1065 2446 sunt;
1094 2363 1180 2449 quod
1204 2361 1433 2450 comprobatur

262 2474 368 2543 κελίαν
384 2472 460 2539 δέκα
476 2471 604 2558 μυριάσι
620 2477 774 2558 στρατιᾶς
787 2471 833 2537 αἱ·
861 2468 907 2536 eis
922 2490 993 2557 quae
1012 2469 1095 2557 apud
1117 2467 1223 2556 ipsum
1243 2469 1433 2556 Xenophon-

261 2585 361 2665 ροῦσιν
387 2578 418 2645 ἐν
443 2579 524 2665 τρισὶ
550 2579 627 2665 μησὶ
653 2577 706 2646 δόο
726 2577 833 2656 πόλεις
861 2585 925 2642 tem
941 2577 1092 2662 leguntur
1117 2575 1149 2658 0,
1175 2573 1195 2642 8
1215 2576 1312 2662 (anno
1327 2572 1430 2662 100);

255 2682 457 2770 Ἑλληνίδας,
475 2690 663 2752 Σελινοῦντα
676 2684 730 2751 καὶ
745 2681 830 2771 Ἵμέ-
860 2684 915 2751 καὶ
943 2683 1132 2771 Συρακόσιοι
1162 2686 1194 2751 οί
1222 2683 1250 2751 τ’
1278 2681 1340 2752 ἀπὸ
1373 2690 1433 2751 τῶν

261 2812 325 2875 ραν.
860 2791 1009 2877 προτέρων
1023 2791 1119 2858 εἴκοσι
1133 2796 1206 2858 νεῶν
1221 2792 1276 2858 καὶ
1291 2788 1353 2858 ἀπὸ
1370 2790 1434 2856 ἑτέ-

861 2919 917 2982 ρων
938 2897 1031 2963 πέντε
1051 2899 1085 2964 αἳ
1108 2897 1216 2981 ἔτυχον
1236 2897 1311 2965 τότε
1332 2921 1432 2984 παρα·

859 3001 1019 3088 γενόμεναι
1036 3007 1125 3081 cett.;
1145 3019 1220 3065 narn
1235 3020 1348 3088 parum
1365 2998 1433 3066 veri

860 3104 962 3171 simile
984 3115 1043 3188 est,
1066 3104 1092 3172 si
1111 3105 1238 3174 Selinus
1255 3114 1286 3173 et
1302 3104 1432 3172 Himera

857 3209 923 3298 jam
942 3230 1025 3277 anno
1046 3208 1112 3277 110
1135 3220 1234 3299 captae
1260 3218 1377 3293 essent,
1398 3209 1432 3276 in

860 3326 947 3384 [amo
957 3316 1100 3404 peric-ulo
1113 3316 1325 3406 Syracusanos
1335 3335 1434 3384 naves

861 3422 945 3489 foras
962 3421 1116 3490 missuros
1131 3421 1250 3490 fnisse:
1268 3443 1340 3489 eum
1353 3443 1433 3511 prae·

859 3525 970 3595 sertim
979 3547 1075 3595 naves
1086 3526 1154 3594 illas
1166 3527 1277 3615 viginti
1290 3528 1431 3618 quinque

858 3633 1002 3701 nondum
1027 3641 1117 3721 capta
1144 3633 1274 3701 Himera
1300 3635 1432 3702 domum

859 3750 1022 3809 revocatas
1041 3760 1113 3809 esse
1136 3739 1254 3809 scribat
1271 3739 1431 3809 Diodorus

858 3844 1031 3934 (1111161).

303 3948 336 4033 5,
367 3948 406 4017 11
438 3955 493 4023 καί
516 3953 531 4023 ό
556 3955 697 4036 ἐνιαυτὸς
722 3955 830 4043 ἔληγεν
902 3950 1062 4019 Diodorus
1095 3971 1179 4018 anno
1207 3949 1272 4020 106
1302 3960 1428 4039 captum

259 4054 364 4145 (107),
385 4059 415 4128 ἐν
434 4052 466 4129 τόν
486 4063 694 4149 Καρχηδόνιοι
710 4063 756 4141 εἰς
776 4069 830 4130 Er·
858 4056 1363 4146 essengrigentumscribitfflll,
1376 4057 1431 4125 80-

257 4165 364 4232 κελίαν
386 4165 635 4252 στρατεύσαντες
659 4168 756 4235 είκοσι
775 4170 829 4236 καὶ
857 4162 932 4252 91);
949 4203 994 4213 -
1016 4163 1049 4231 in
1069 4164 1240 4233 Hellanicis
1261 4187 1299 4233 ea
1313 4187 1366 4233 res
1381 4164 1430 4232 bis

257 4269 369 4339 ἑκατὸν
388 4272 527 4361 τριήρεσι
545 4275 600 4341 καὶ
619 4281 718 4362 πεζῆς
740 4300 830 4363 στρα-
858 4280 1067 4355 memoratur,
1081 4281 1112 4338 et
1123 4293 1207 4340 anno
1217 4270 1283 4340 107
1300 4281 1330 4338 et
1345 4291 1428 4338 anno

180 4400 188 4413 ·
257 4382 331 4454 τιᾶς
341 4377 461 4446 δώδεκα
472 4380 616 4467 μυριάσιν
626 4369 705 4448 εἷλον
716 4380 830 4469 Ἀκρά-
856 4377 938 4462 105,
968 4377 1090 4446 eisdem
1112 4378 1181 4446 sere
1196 4377 1319 4460 vorbis;
1342 4397 1427 4459 nam,

255 4505 356 4565 γαντα
386 4489 493 4570 arno„
528 4486 627 4573 μάχη
657 4487 712 4574 μὲν
732 4487 830 4576 ηττη·
857 4486 944 4572 quod
958 4485 991 4551 in
1008 4487 1079 4553 loeo
1093 4484 1272 4572 posteriore
1284 4492 1332 4551 est
1346 4485 1430 4573 πρό-

256 4588 379 4674 ἓνέντες,
397 4593 678 4680 προσκαθεζόμενοι
698 4593 732 4661 δὲ
747 4593 829 4662 ἑπτὰ
856 4619 982 4682 τερον,
1004 4592 1037 4660 id
1053 4593 1158 4660 solum
1173 4592 1212 4660 ad
1230 4594 1348 4683 aanor
1367 4592 1430 4682 ητ-

258 4699 371 4780 μῆνας.
397 4691 435 4776 ΙΙ,
456 4691 488 4777 0,
511 4693 554 4762 01
578 4697 668 4766 καὶὸ
690 4698 830 4780 ἐνιαυτὸς
857 4702 1049 4788 τηδέντων
1071 4698 1276 4767 referendum
1291 4698 1426 4770 videtur.
