3382 5482
804 470 1027 536 ..64-

329 614 543 705 &clodum
557 611 711 700 scriptum
728 607 826 678 voluit
839 610 1014 698 Madvigius
1031 633 1038 676 :
1059 629 1130 697 quac
1146 617 1253 676 umen
1268 629 1329 676 vox
1343 607 1377 674 in
1391 607 1502 676 lexicis

327 747 393 793 non
414 726 585 815 reperitur.
609 727 690 812 Ege,
715 747 787 793 cum
810 725 996 814 requiratur
1019 724 1138 813 aliquid
1157 725 1244 812 quod
1264 723 1310 792 eis
1333 745 1404 812 quae
1419 722 1503 791 infra

330 850 402 909 sunt
416 845 448 928 (β
461 840 531 929 17),
548 850 607 912 τῶν
623 845 848 932 παροιχομένων
870 842 979 922 αύτοῖς
993 850 1098 911 κακῶν
1114 843 1204 929 μόνος
1220 844 1320 922 αἴτιος
1344 844 1393 929 εἴη
1410 848 1500 922 cell,

329 958 533 1045 respondeat,
550 957 697 1022 lacunam
715 955 748 1022 in
768 955 941 1043 archetypo
957 954 1055 1023 fuisse
1072 953 1276 1037 crediderim,
1296 974 1392 1042 quam
1406 953 1503 1020 libra·

330 1070 369 1138 rii
385 1072 425 1138 de
441 1092 499 1138 suu
515 1069 721 1158 expleverint.

373 1186 397 1269 l,
413 1185 446 1268 ll,
463 1185 516 1253 16.
534 1185 684 1275 ύπάρχειν
697 1185 757 1274 γάρ
770 1186 806 1254 ἐκ
821 1193 875 1255 τού
893 1187 994 1275 δήμου
1010 1183 1106 1255 αύτῶ.
1124 1185 1179 1273 μἐν
1200 1191 1260 1253 τῶν
1275 1210 1311 1252 τε
1326 1183 1502 1274 ἡλικιωτῶν

329 1305 419 1371 πλέον
439 1302 520 1387 ἔχειν
548 1307 608 1368 τῶν
629 1326 665 1368 τε
688 1303 898 1388 πρεσβυτέρων
922 1299 965 1390 μή
991 1301 1222 1381 ε’λαττούσὲιαι,
1246 1304 1314 1378 τοῖς
1343 1299 1374 1367 δ’
1402 1298 1500 1367 αύτού

330 1417 455 1504 έχὲιροῖς
475 1411 658 1500 τοιούτο[ι]ς
673 1419 771 1481 δοκεῖν
793 1410 871 1483 εἶναι
893 1411 1000 1500 ούο[ι]ς
1014 1439 1070 1502 περ
1086 1414 1231 1502 πρότερον
1248 1411 1385 1500 (Murus3
1404 1411 1497 1478 codd.

330 1536 468 1609 τοιούτος
491 1537 522 1593 et
547 1517 608 1608 οἷος
631 1527 711 1615 περ),
739 1524 902 1616 ύστερον
931 1529 971 1596 δὲ
998 1533 1195 1598 δυνασὲιεῖσιν
1225 1527 1396 1596 ἀπολλύναι
1427 1525 1502 1606 τούς

330 1641 651 1731 βελτίστους,αύτούς
665 1642 699 1710 δὲ
711 1643 821 1729 μόνους
836 1645 1026 1730 λειφὲιέντας
1042 1643 1083 1712 δι’
1103 1642 1181 1712 αύτὸ
1197 1649 1289 1711 τούτο
1308 1628 1502 1729 ἀγάπᾶσὲιαι

331 1756 389 1827 ύπὸ
414 1765 473 1826 τῶν
493 1763 624 1826 πολιτῶν
642 1753 691 1824 ύτι
710 1757 825 1844 ἑτέροις
840 1759 992 1841 βελτίοσιν
1014 1756 1072 1826 ούκ
1092 1754 1174 1846 εἶχον
1197 1763 1350 1848 χρῆσῖιαι.
1376 1793 1421 1803 -
1443 1754 1502 1821 Hic

331 1891 459 1959 quoque
473 1891 533 1957 pro
548 1890 587 1936 eo
608 1868 695 1956 quod
715 1878 762 1936 est
787 1868 953 1959 ύστερον
976 1873 1034 1958 δέ,
1061 1870 1148 1956 quud
1168 1869 1244 1958 quid
1267 1867 1327 1935 sibi
1342 1867 1417 1935 velit
1436 1889 1502 1936 non

330 1986 440 2067 rideo,
463 1985 609 2051 lacunam
632 1983 729 2051 fuisse
750 1982 914 2071 suspicor3
938 2004 1011 2051 cum
1033 1995 1141 2052 autem
1157 1993 1230 2051 ante
1247 1983 1401 2071 scriptum
1417 1993 1503 2050 esset

329 2102 533 2189 πρότερον,
550 2097 719 2165 librarium
733 2098 873 2186 aliquem
892 2108 1014 2166 temere
1039 2098 1207 2189 ύστερον
1227 2102 1267 2169 δέ
1289 2097 1499 2186 supplevisse.

330 2214 491 2296 Ceterum,
509 2212 586 2301 quin
602 2222 773 2300 corruptus
790 2215 829 2280 sit
843 2214 945 2296 lucus,
963 2233 1028 2279 non
1043 2211 1234 2299 ambigitur>

375 2327 428 2396 17.
445 2333 473 2399 οἳ
494 2330 539 2418 δἐ,
565 2327 693 2427 ὅτιτῶν
714 2332 940 2418 παροιχομένων
962 2328 1071 2410 αύτοῖς
1094 2337 1199 2398 κακῶν
1222 2331 1313 2417 μόνος
1334 2330 1436 2410 αἴτιος
1452 2331 1502 2418 εἴη

330 2453 390 2513 τῶν
405 2473 441 2514 τε
455 2453 587 2534 φοβερῶν
603 2445 696 2514 ὄντων
716 2452 768 2536 τῆ.
788 2447 877 2514 πόλει
893 2447 1041 2532 γενέσὶιαι
1061 2445 1153 2533 μένος
1168 2444 1362 2513 κινδυνεύσαι
1375 2443 1502 2534 ἡγεμὼν

330 2567 539 2650 καταστῆναι.
560 2597 605 2607 -
625 2566 684 2628 τῶν
702 2587 738 2628 τε
759 2566 891 2648 φοβερῶν
920 2561 1148 2647 μελλόντων
1175 2546 1234 2650 τῆ.ι
1246 2560 1336 2628 πόλει
1353 2561 1502 2646 γενέσὲιαι

332 2671 457 2759 scripsit
470 2672 674 2740 Liebholdius
689 2673 787 2762 (Neue
801 2671 1053 2759 talerandum,
1069 2695 1101 2761 p.
1115 2672 1192 2761 158)
1205 2695 1213 2756 ;
1232 2694 1303 2761 quae
1318 2671 1501 2761 conjectura

328 2786 415 2854 haud
431 2786 496 2854 scio
511 2808 550 2854 an
565 2787 732 2875 probanda
749 2787 799 2854 sit.
868 2848 869 2851 ,

373 2901 426 2968 il.
443 2906 544 2992 τρίτωι
566 2904 650 2994 μηνί.
667 2943 712 2952 -
730 2906 880 2993 τετάρτω.
900 2903 1075 2990 legendum
1097 2923 1167 2970 esse
1184 2901 1293 2969 docuit
1308 2901 1497 2971 Glintonius.

372 3016 405 3101 5,
433 3017 487 3084 11.
513 3016 632 3109 ἥκοντα
656 3022 801 3106 τειχίζειν
825 3022 982 3090 Φωκαίαν.
999 3057 1044 3067 -
1068 3018 1165 3085 Recte
1193 3019 1364 3085 Holwerda
1387 3018 1495 3110 ἥκοντ’

330 3134 623 3220 ἀποτειχίζειν.
1045 3120 1053 3134 ’

353 3242 428 3313 'itt
448 3249 521 3317 τότε
540 3248 579 3339 δὴ
596 3250 652 3317 καὶ
670 3249 779 3329 πάσας
793 3250 950 3330 συντάξας
964 3249 1155 3320 ἐπέπλει-
1168 3239 1224 3318 καὶ
1249 3247 1315 3335 [αύ
1326 3246 1416 3335 τὸς]
1440 3249 1502 3317 πά·

328 3389 388 3443 σας
399 3362 518 3443 Murus,
534 3361 567 3428 id
581 3361 668 3450 quud
684 3361 758 3429 satis
773 3361 939 3450 probabile
957 3375 1016 3430 est.

373 3474 428 3542 19.
451 3480 578 3564 Δωριέα,
600 3477 676 3545 ὅντα
696 3479 751 3565 μἐν
768 3477 899 3566 Ῥόδιον,
916 3481 1017 3548 πάλαι
1037 3481 1071 3548 δὲ
1092 3481 1219 3568 φυγάδα
1232 3480 1266 3560 ἐξ
1283 3479 1428 3568 ’Abarnis
1443 3483 1499 3549 καὶ

324 3591 434 3659 Ῥόδου
463 3589 520 3660 ύπό
547 3591 725 3680 Ἀἳιηναίων
759 3596 1040 3681 κατεψηφισμένων
1073 3593 1171 3661 αύτού
1197 3587 1336 3662 benaici
1363 3595 1418 3662 καὶ
1439 3601 1500 3661 τῶν

330 3706 443 3773 ἐκείνου
465 3711 625 3792 συγγενῶν,
641 3706 846 3775 πολιτεύοντα
866 3707 937 3794 παρ’
962 3707 1082 3788 αύτοῖς.
1105 3745 1150 3754 -
1164 3705 1357 3794 Reate-mihi
1372 3705 1500 3774 videtur

329 3819 511 3888 Dindorfius
527 3821 669 3909 Ἀξιηνῶν
689 3823 746 3890 κατ’
768 3818 911 3909 ejecisse,
934 3828 969 3886 ul
989 3840 1007 3886 a
1029 3830 1213 3888 correctore
1232 3821 1338 3909 aliquo
1355 3820 1499 3889 additum

329 3937 402 4025 qui,
429 3937 592 4026 quomedo
613 3935 756 4003 Rhodius
784 3935 823 4002 ab
852 3934 1098 4003 Atheniensibus
1131 3936 1170 4002 de
1202 3936 1304 4024 patria
1336 3936 1409 4023 pelli
1441 3956 1499 4023 po·

329 4051 461 4134 tuisset,
491 4071 555 4116 nun
583 4049 794 4135 intellegeret.
824 4048 923 4117 Minus
948 4058 1036 4130 recle
1066 4049 1152 4117 idem
1179 4050 1274 4119 etiam
1297 4052 1500 4125 nobissimae

328 4167 399 4256 παρ’
423 4165 532 4246 αὐτοῖς
548 4163 688 4230 deletum
704 4163 815 4229 voluit.

374 4281 406 4363 6,
422 4279 453 4346 1.
469 4281 484 4350 ὃ
504 4279 537 4348 δὲ
557 4278 653 4348 αύτύν
672 4280 829 4347 έκελευσεν
844 4281 877 4361 ἐξ
891 4280 1029 4367 Ἐφέσου
1049 4282 1080 4348 έν
1093 4280 1250 4372 ἀριστερά.
1270 4281 1384 4368 Σάμου
1400 4305 1501 4368 παρα·

328 4398 519 4483 πλεύσαντα,
536 4387 572 4464 ού
585 4388 667 4484 ἦσαν
681 4395 716 4461 αἱ
729 4399 788 4460 τῶν
802 4393 980 4482 Ἀἓιηναύων
992 4401 1076 4485 νῆες,
1096 4396 1127 4464 έν
1144 4395 1287 4484 Μιλήτω.
1306 4399 1499 4481 παραδοῦναι

329 4510 483 4590 τάςναύς.
496 4547 541 4556 -
550 4508 624 4575 Haec
634 4505 736 4574 miror
746 4508 909 4594 quomodo
919 4507 1092 4575 Holwerda
1104 4507 1149 4575 sic
1160 4508 1320 4594 refingere
1335 4507 1477 4596 potuerit
1489 4529 1497 4574 :

328 4625 359 4692 έν
376 4623 530 4712 ἀριστερᾶι
552 4625 661 4712 Σάμον
679 4622 804 4710 [ἔχοντα
827 4625 973 4710 πελάγιον
997 4623 1214 4712 άναγαγέσλαι
1234 4622 1303 4710 καὶ]
1319 4624 1499 4711 παραπλεύ*

328 4764 439 4825 σαντα,
462 4758 535 4804 cum
550 4736 679 4825 quidem
694 4736 815 4804 diceret
832 4758 839 4803 :
862 4736 1021 4804 «lideberi
1038 4737 1134 4804 velim
1149 4757 1221 4825 quae
1241 4736 1281 4805 sit
1295 4736 1408 4804 insnlae
1425 4757 1499 4824 pars
