3382 5482
734 439 1066 505 -4t-“

257 580 348 648 cibus
373 579 408 663 C,
434 580 458 647 E
481 581 583 648 multo
608 580 752 648 deterior
776 588 825 648 est
846 581 872 647 A
897 604 905 644 ι
931 580 987 668 qui
1012 581 1113 665 codex
1139 589 1188 649 est
1210 579 1432 649 venustissime

257 693 395 783 scriptus
411 694 464 763 ille
480 694 627 783 quidem,
648 695 704 762 sed
718 704 826 764 tamen
843 695 962 763 mirum
976 695 1009 762 in
1026 696 1160 764 modum
1177 695 1432 764 correctionibus

260 811 449 898 depravatus
475 835 482 876 :
511 809 601 899 cujus
626 809 675 878 rei
700 810 845 898 exempla
870 810 939 879 haec
960 809 1076 878 afferre
1100 810 1175 878 satis
1192 810 1254 878 erit
1272 832 1279 876 :
1300 811 1371 894 1,1,
1389 811 1432 877 tlt

258 928 481 1014 Συρακουσίοις
502 946 561 1013 pro
581 924 773 1015 συμμάχοις.
797 924 877 1014 §27
899 929 1131 1015 προηγουμένου.
1159 926 1192 1008 2,
1212 925 1254 992 17
1275 954 1357 1008 τινες
1372 948 1431 1014 pro

259 1030 357 1120 τινάς.
373 1037 406 1123 3,
423 1038 684 1130 8συυεφυνησαυ.
703 1040 736 1122 d,
750 1039 790 1107 11
805 1067 961 1130 τριηρυωυ.
978 1038 1010 1123 7,
1024 1039 1193 1123 dormiana
1210 1039 1288 1111 εἶναι
1310 1044 1432 1128 λέγων

261 1161 333 1221 cett.
349 1192 393 1202 —
408 1152 524 1222 Codice
539 1153 675 1221 Aetium
691 1154 782 1244 pejor
799 1154 924 1223 videtur
940 1175 1010 1221 esse
1025 1154 1062 1220 Κ.
1075 1193 1120 1202 -
1134 1154 1180 1223 Ne
1195 1155 1224 1222 M
1238 1152 1368 1242 quidem
1378 1164 1432 1222 aut
1545 1163 1547 1167 ’

262 1268 295 1351 P,
318 1268 346 1335 R
366 1266 473 1356 magui
496 1267 650 1335 momenti
672 1289 743 1336 esse
763 1279 852 1357 puto.
876 1306 920 1318 -
943 1267 998 1337 His
1021 1268 1170 1336 omnibus
1191 1268 1342 1337 meliores
1362 1290 1432 1337 esso

262 1382 455 1451 crediderim
471 1383 506 1465 F,
523 1383 562 1465 H,
578 1406 610 1468 υ,
622 1383 660 1467 N,
679 1383 735 1471 qui
751 1385 791 1452 ad
808 1383 954 1472 priorem
969 1383 1103 1472 stirpem
1117 1383 1248 1472 propius
1258 1384 1431 1467 acceduut;

260 1501 291 1566 o'
314 1518 388 1565 cum
408 1519 446 1565 er
469 1498 651 1567 vvideator
674 1520 744 1567 esse
761 1499 954 1588 descriptus,
976 1499 1059 1567 ratio
1085 1499 1155 1588 ejus
1176 1499 1323 1567 habenda
1345 1500 1433 1566 nulia

248 1623 318 1682 est.
336 1652 381 1661 -
394 1615 418 1681 Y
431 1612 586 1681 lectiones
601 1614 698 1681 habet
714 1614 815 1682 bonas
828 1616 1012 1683 nonnullae
1083 1675 1090 1683 .

305 1727 351 1794 Ex
370 1727 420 1796 his
442 1726 580 1796 efficitur
600 1749 660 1816 pro
683 1728 899 1798 fundamentis
921 1740 1026 1798 textus
1041 1729 1168 1797 codices
1183 1729 1348 1798 habendos
1363 1751 1433 1798 csse
1554 1767 1558 1774 ·

261 1843 296 1926 B,
312 1867 345 1927 o,
359 1845 402 1926 L;
419 1843 554 1933 Septimo
571 1865 648 1913 vero
664 1843 759 1927 libro,
776 1853 945 1933 postquam
959 1846 983 1913 B
998 1854 1030 1912 et
1044 1846 1067 1913 L
1084 1845 1284 1928 defecerunt,
1297 1845 1434 1913 maxime

263 1957 876 2028 excodioeotextumoonstituendom.
1397 2039 1417 2070 ο

306 2134 325 2225 §
350 2136 402 2205 16.
428 2175 473 2185 -
495 2138 533 2205 Ut
555 2135 846 2219 Breitenhachium,
871 2136 915 2204 sic
936 2135 1033 2203 etiam
1053 2146 1179 2204 ceteros
1201 2135 1255 2224 qui
1270 2135 1432 2204 Helleniou

265 2249 436 2319 ediderunt
458 2250 551 2319 video
573 2250 724 2319 codicem
741 2251 764 2318 B
785 2250 829 2318 ita
853 2258 980 2318 secutos
998 2269 1068 2318 osse
1086 2259 1120 2317 ut
1135 2249 1169 2316 in
1184 2249 1230 2318 eis
1245 2250 1341 2318 modo
1356 2249 1436 2318 locis

266 2364 382 2453 quibus
407 2386 479 2453 quae
502 2366 526 2433 B
553 2365 687 2434 haberet
702 2365 870 2433 manifesto
886 2365 1059 2452 depravata
1071 2372 1176 2432 essent
1191 2364 1231 2431 ad
1246 2373 1370 2432 ceteros
1384 2385 1435 2432 oo-

264 2479 351 2548 dices
376 2480 599 2568 confugerent.
625 2480 701 2564 Sed,
725 2500 798 2548 cum
819 2501 885 2548 non
907 2479 940 2546 id
955 2489 1070 2567 agatur
1084 2488 1121 2547 ut
1134 2487 1239 2547 textus
1254 2479 1389 2566 prodeat
1401 2478 1434 2545 in

263 2617 326 2682 quo
345 2593 424 2686 nihil
446 2595 596 2677 offendat,
617 2596 675 2662 sed
695 2604 730 2662 ut
742 2597 790 2668 ad
809 2605 930 2663 textum
950 2615 1046 2682 quem
1060 2593 1270 2683 archetypum
1284 2593 1435 2661 habuerit

263 2731 358 2799 quam
374 2709 518 2798 proxime
533 2710 716 2793 accedatur,
735 2709 907 2778 videndum
923 2719 1038 2792 estne,
1055 2707 1203 2798 quotiens
1219 2710 1352 2777 atteram
1368 2709 1434 2778 lec·

263 2825 384 2894 tionem
405 2825 440 2908 B,
465 2825 598 2892 alteram
621 2826 721 2894 ceteri
745 2846 857 2894 omnes
885 2846 957 2892 eunt
986 2824 1122 2914 prioris,
1150 2835 1218 2893 tum
1243 2825 1434 2915 posterioris

263 2941 369 3030 stirpis
386 2941 513 3009 codices
526 2951 689 3025 tueantur,
705 2943 787 3009 hanc
800 2941 833 3007 in
849 2942 1023 3028 archetypo
1043 2941 1142 3008 fuisse
1157 2940 1225 3009 veri
1241 2939 1375 3008 similius
1395 2940 1435 3008 sit

263 3076 359 3145 quam
375 3054 473 3139 illam,
491 3076 562 3143 quae
577 3054 610 3122 in
624 3076 689 3123 uno
706 3055 817 3123 codice
832 3055 856 3122 B
873 3053 1063 3121 inveniatur.
1084 3055 1175 3138 Nam,
1195 3055 1282 3142 quod
1296 3055 1320 3122 B
1336 3055 1435 3121 multa

263 3173 351 3239 solus
366 3170 462 3239 hahet
477 3192 548 3259 quae
564 3170 732 3238 manifesto
746 3169 866 3258 optima
886 3168 960 3253 sint,
978 3190 1016 3237 ea
1031 3169 1202 3237 maximam
1216 3180 1341 3258 partem
1355 3168 1436 3258 ejus-

263 3286 349 3353 modi
364 3296 437 3354 sunt
450 3285 630 3354 utielieiter
639 3297 784 3354 correcta
796 3306 866 3353 esse
877 3284 1011 3374 possint.
1022 3284 1096 3353 Soio
1109 3291 1216 3352 tanien
1232 3283 1328 3352 etium
1345 3283 1435 3352 locos

264 3423 334 3470 esse
349 3401 404 3469 ubi
425 3422 552 3469 revera
568 3400 717 3489 genuinae
734 3400 881 3468 lectionis
898 3400 985 3467 solus
1003 3398 1135 3487 vestigia
1152 3399 1339 3482 servaverit,
1361 3419 1435 3466 cum

264 3516 362 3585 ceteri
382 3516 509 3584 codices
530 3515 562 3582 in
584 3515 720 3583 eandem
743 3536 781 3583 ex
808 3514 1010 3583 correctione
1037 3524 1142 3582 ortam
1167 3513 1340 3581 lectionem
1362 3534 1436 3581 con-

264 3631 417 3699 sentiant:
437 3632 524 3719 quod
542 3632 706 3719 quomodo
725 3631 844 3699 factum
860 3631 911 3713 sit,
931 3650 993 3717 ego
1010 3651 1062 3698 me
1079 3629 1204 3698 nescire
1224 3629 1337 3696 fateor.
1358 3628 1433 3711 Sed,

263 3745 415 3834 quoniam
433 3755 465 3814 et
484 3746 518 3813 in
537 3745 586 3814 his
609 3746 707 3814 rebus
721 3767 792 3834 quae
808 3744 940 3812 omnino
956 3765 1032 3812 vera
1047 3743 1112 3811 sint
1125 3765 1184 3811 nos
1199 3728 1326 3831 assequi
1341 3762 1435 3830 posse

264 3861 500 3949 desperandum
521 3869 579 3943 est,
601 3860 635 3927 in
652 3860 698 3928 eis
715 3855 1041 3947 sustinendamque
1056 3857 1118 3925 sint
1136 3857 1221 3924 veris
1243 3876 1339 3944 quam
1362 3856 1434 3924 fieri

263 3984 367 4064 potest
383 3975 541 4064 proxima,
557 3996 631 4062 ego,
649 3975 683 4042 ni
698 3975 802 4057 fallor,
819 3973 1033 4042 verisimilius
1050 3993 1120 4040 esse
1135 3970 1339 4054 crediderim,
1354 3991 1434 4059 quo-

262 4089 343 4159 tiens
366 4090 539 4159 lectionem
567 4091 702 4187 eandem
731 4111 791 4178 per
814 4111 848 4158 se
878 4088 1009 4179 quidem
1037 4086 1240 4177 probabilem
1268 4086 1435 4174 utriusque

262 4206 368 4294 stirpis
382 4206 511 4275 codices
526 4215 678 4274 tueantur
698 4216 818 4294 praeter
831 4225 932 4273 unum
944 4224 1068 4287 omnes,
1080 4204 1162 4270 hano
1178 4213 1208 4270 et
1219 4201 1252 4269 in
1263 4202 1436 4290 archetypo

261 4319 358 4388 fuisse
374 4330 417 4404 et,
435 4320 579 4410 quamvis
593 4342 677 4389 unus
696 4320 749 4389 ille
771 4321 871 4388 codex
889 4320 995 4387 bonus
1015 4318 1066 4401 sit,
1084 4317 1255 4384 intextum
1271 4337 1341 4384 esse
1357 4315 1436 4382 reei-

260 4434 423 4523 piendam.

303 4605 322 4687 §
337 4601 390 4669 17.
410 4641 455 4651 -
469 4603 578 4691 ltaque
593 4602 739 4670 nonnulli
753 4613 827 4671 sunt
839 4602 903 4672 loci
917 4602 974 4670 ubi
988 4596 1067 4667 mihi
1080 4620 1146 4668 non
1158 4601 1283 4682 eadem,
1297 4608 1435 4687 quaeant
1486 4573 1492 4582 ³

262 4716 383 4786 Cobeto
395 4727 450 4787 aut
463 4717 629 4786 Dindorfio
648 4717 693 4807 (in
708 4720 758 4786 ed.
774 4718 896 4786 Teubn.
912 4717 984 4784 unni
1001 4715 1113 4804 1868),
1125 4715 1220 4784 lectio
1231 4714 1432 4803 praeferenda
