3382 5482
740 419 961 484 „71-

267 556 386 623 Atticos
407 575 488 644 quos
510 550 703 643 ediderunt).
728 557 954 645 Inscriptiones
977 556 1095 625 Atticas
1117 559 1171 625 diu
1186 560 1435 646 agrammaticis

268 672 429 757 neglectas
438 669 640 758 potissimum
654 671 870 740 adhibuerunt
892 674 1049 743 Weeldein
1063 672 1095 739 in
1109 672 1203 742 Coris
1215 675 1435 763 epigraphicic

269 787 313 853 od
324 786 576 873 grammaticam
594 785 742 854 Graecam
752 796 898 876 etpoetor
908 789 1046 855 scenicos
1053 790 1287 876 pertinentibus
1298 789 1433 878 (Lipsiae,

269 902 353 990 apud
369 885 504 984 Teubn,
525 900 636 988 1869),
658 912 690 968 el.
711 900 816 971 Culter
833 902 865 968 in
891 903 1127 982 Qoaertiortider
1151 905 1372 993 epigraphicie
1397 908 1436 972 dc

268 1016 403 1082 dialecto
420 1015 525 1082 Attico
539 1016 708 1084 vetustiore
724 1038 802 1104 quas
819 1017 944 1104 scripsit
956 1017 990 1083 in
1005 1028 1116 1084 octavo
1133 1018 1294 1085 volumine
1308 1019 1436 1086 Studio-

252 1151 343 1196 ‘rem
357 1128 461 1197 Ceret
476 1131 519 1198 ad
539 1129 686 1198 Graecum
699 1138 728 1198 et
741 1131 895 1198 Latinam
903 1132 1154 1218 grammaticum
1160 1132 1390 1219 pertinentiam
1400 1130 1435 1218 (¹)

269 1243 401 1329 (l875);
428 1244 583 1312 ridendus
601 1253 648 1312 est
663 1243 756 1311 etiam
773 1267 836 1313 cort
852 1245 1013 1333 Bomderq
1031 1245 1063 1310 in
1083 1244 1185 1311 diario
1201 1246 1288 1333 quod
1303 1256 1437 1313 vocatur

268 1359 448 1446 Zeitscltrist
458 1359 515 1445 (dr
541 1358 839 1447 Gymnasiolweseo
860 1359 893 1447 (¹)
916 1367 948 1426 et
964 1359 1089 1428 Pontos
1104 1361 1250 1428 Forocorl
1263 1360 1296 1426 in
1310 1360 1437 1428 Gallicis

267 1473 358 1541 novis
374 1473 557 1562 philologiae
571 1473 737 1542 annalibus
754 1475 802 1563 (³).

311 1589 356 1656 De
381 1590 592 1677 Xenophonte
613 1611 691 1657 vero
723 1588 855 1678 quaestio
881 1599 1052 1678 propterea
1080 1599 1128 1658 est
1152 1589 1312 1658 difficilior
1337 1591 1435 1679 quod,

268 1726 341 1772 cum
360 1707 400 1772 ad
418 1704 626 1773 vetustiorem
643 1705 778 1773 Atticam
797 1704 969 1773 dialectum
983 1704 1096 1792 tragici
1112 1705 1295 1773 reserantur
1311 1715 1342 1787 et
1355 1706 1438 1773 'lhu-

268 1821 406 1909 cydides,
428 1829 573 1889 oratores
585 1841 663 1888 vero
677 1821 717 1887 ad
731 1819 958 1904 recentiorem,
973 1819 1007 1887 in
1022 1819 1145 1903 medio,
1158 1831 1193 1887 ut
1207 1820 1435 1909 Aristophanes

268 1946 300 2003 et
314 1937 414 2018 Plat0,
430 1936 474 2003 ita
490 1935 586 2003 etiam
601 1935 780 2025 Xenophon
796 1935 922 2003 videtur
937 1957 1007 2003 esse
1022 1936 1154 2024 positus.
1171 1935 1337 2018 Ceterum,
1350 1935 1434 2003 inter

264 2052 471 2120 vetustiorem
495 2052 630 2120 Atticam
655 2051 825 2119 dialectum
852 2061 884 2119 et
906 2050 1121 2119 recentiorem
1150 2050 1226 2139 quid
1250 2051 1431 2135 interesset,

191 2234 193 2238 .
226 2258 228 2262 ‚
263 2187 360 2238 nemo
381 2169 503 2251 adhuc,
525 2169 612 2256 quod
634 2167 749 2251 sciam,
774 2167 855 2235 satis
877 2168 1048 2255 diligenter
1076 2166 1259 2262 exploravit
1273 2169 1330 2256 (⁴);
1355 2166 1434 2233 illud

264 2294 375 2352 tamen¹
386 2295 510 2352 certum
522 2286 740 2367 videturesse,
759 2305 832 2351 cum
844 2283 928 2351 circa
941 2282 1039 2351 finem
1060 2281 1161 2369 quinti
1177 2282 1283 2350 saeculi
1298 2301 1380 2349 nova
1394 2281 1433 2348 ab

261 2400 508 2487 Atheniensibus
533 2400 686 2488 paulatim
708 2395 885 2467 litteratura
907 2407 1040 2486 recepta·
1051 2406 1147 2480 esset,
1163 2417 1229 2463 non
1244 2396 1345 2464 multo
1362 2406 1435 2484 post

263 2515 359 2582 etiam
376 2516 410 2582 in
430 2515 542 2584 formis
565 2516 664 2583 multa
681 2523 802 2582 mutata
824 2535 917 2582 esse:
942 2534 1006 2602 quo
1029 2511 1065 2578 fit
1090 2522 1127 2579 ut
1152 2532 1249 2598 saepe,
1275 2532 1347 2578 cum
1372 2511 1434 2578 hoc
1552 2514 1555 2521 ’

263 2629 312 2710 vel
325 2628 403 2697 illud
418 2651 436 2697 a
451 2628 668 2718 grammaticis
683 2628 845 2697 veteribus
859 2629 998 2696 Atticum
1021 2648 1091 2695 esse
1112 2627 1255 2710 dicatur,
1277 2626 1432 2694 vetustior

262 2765 303 2811 an
317 2744 479 2813 recentior
492 2743 593 2812 Atthis
606 2744 822 2830 intellegenda
836 2743 887 2826 sit,
904 2763 970 2810 non
986 2742 1062 2811 satis
1076 2742 1207 2831 liqueat.
1225 2742 1317 2830 Apud
1328 2743 1445 2809 Xeno-⁴

261 2860 415 2947 phontem
437 2881 515 2928 vero
535 2880 614 2926 num
637 2859 731 2927 eliam
756 2858 945 2927 recentioris
962 2857 1095 2926 Atthidis
1110 2859 1224 2926 formae
1241 2855 1432 2944 recipiendae

262 2974 323 3041 sint
337 2975 453 3064 saepius
468 2975 602 3043 dubium
617 2984 676 3042 est.

304 3152 389 3237 §ad
406 3192 452 3203 -
473 3154 514 3222 Ut
533 3154 678 3241 exempla
697 3173 799 3240 pauca
821 3151 1005 3235 afferamus,
1030 3151 1227 3239 reponendae
1249 3158 1323 3216 sunt
1346 3147 1432 3235 apud

80 3248 82 3252 ¹
136 3275 138 3278 ’
260 3267 504 3356 Xenophontem
528 3288 602 3336 cum
626 3267 746 3337 Cobeto
774 3241 995 3334 etfflindorfio
1020 3267 1132 3333 formae
1155 3265 1206 3334 hae
1229 3263 1268 3331 ab
1292 3260 1431 3329 librariis

260 3380 444 3470 corruptae:
981 3472 985 3480 Ι

303 3517 335 3599 Ι,
366 3515 402 3599 1,
427 3514 448 3581 A
480 3519 658 3607 ἐσήμηνε
731 3513 808 3582 Vide
827 3513 1055 3602 Phrynichum,
1078 3535 1109 3601 p.
1133 3513 1178 3580 11
1202 3514 1253 3580 ed.
1276 3512 1431 3593 Lobeck.,
1529 3584 1534 3591 ,

260 3623 366 3710 (codd.
385 3611 545 3715 ἐσήμαινε).
687 3631 719 3691 et
742 3622 880 3691 eundem
903 3620 936 3688 in
956 3621 1126 3688 Anecdott’a
1148 3619 1296 3701 Bellen,
1321 3641 1351 3706 p.
1375 3616 1428 3685 62.

685 3731 786 3819 Etym.
808 3730 846 3800 ll.
865 3749 897 3815 p.
914 3726 992 3811 483,
1009 3750 1035 3794 s.
1057 3751 1086 3794 υ.
1103 3730 1265 3816 κάῢαρμα.
1309 3791 1312 3796 ,

302 3834 323 3900 5
365 3836 476 3926 ἠιόνα
516 3835 623 3921 (codd.
729 3836 841 3902 Thom.
870 3835 966 3920 Mag,
996 3855 1027 3921 p.
1053 3831 1148 3899 aaa:
1184 3833 1271 3922 τ’),ὠν
1299 3832 1427 3921 ἠιόνος

257 3943 371 4033 ἠϊόνα).
685 3945 812 4019 κάλλιον
831 3938 855 4031 τ’)
874 3940 972 4030 (ida
992 3940 1139 4030 ἠϊόνος.
1169 3937 1244 4005 (Al.
1265 3926 1453 4022 G.,Add.,'

686 4045 773 4114 leae
787 4050 824 4114 d:
840 4046 932 4137 τ’)ὁνος
947 4044 992 4129 (in
1010 4044 1101 4111 titulo
1117 4043 1286 4111 deterioris
1302 4043 1426 4143 aetatis).

302 4152 322 4221 8
359 4157 605 4244 Θράσυλλος.
622 4214 631 4235 ,.
729 4155 763 4221 ln
780 4155 876 4242 llem,
891 4153 915 4238 l,
931 4153 964 4237 1,
982 4152 1025 4220 18
1043 4152 1189 4242 ejusdem
1204 4146 1322 4220 nomen
1334 4151 1428 4219 codd.

290 4358 320 4425 (¹)
331 4362 443 4413 Studien
456 4375 506 4411 zur
517 4362 613 4424 ortecle.
629 4375 655 4412 o.
670 4363 718 4413 lot.
737 4360 905 4413 Grammattlt
921 4360 1038 4427 (Leipzig,
1049 4360 1154 4424 Hirzel).

292 4447 323 4512 (²)
335 4450 490 4514 zeitschrift
500 4450 550 4508 ser
564 4451 815 4518 dprnoastolweren,
832 4451 908 4516 1877,
922 4449 1122 4501 lahresberichte
1137 4449 1181 4498 des
1193 4446 1276 4509 philol.
1288 4445 1389 4496 Vereins
1399 4457 1429 4495 zu

257 4535 348 4603 Berlin,
361 4551 386 4601 p.
404 4539 477 4590 1-17.

293 4621 324 4687 (³)
338 4626 424 4676 Aeone
436 4625 470 4676 de
478 4625 627 4690 philologio,
645 4623 765 4690 l(1877)‚
781 4639 804 4688 p.
820 4627 852 4676 35
867 4638 924 4688 sqq.
1159 4688 1161 4695 Υ

192 4696 195 4702 ’
293 4710 325 4777 (⁴)
340 4713 366 4762 ll.
382 4715 463 4764 tamen
478 4713 568 4781 Bergk,
586 4713 688 4764 Grieclt.
705 4713 997 4775 literatoroescmcate,
1013 4709 1140 4779 111872),
1155 4724 1177 4774 p.
1195 4711 1284 4761 'll-76.
