3382 5482
497 1004 785 1091 CAPUT
846 1009 1204 1089 SEXTUM

737 1306 968 1371 Conclusio.

310 1568 397 1656 536.
422 1600 467 1618 -—
490 1567 528 1636 Ei
551 1566 735 1656 philologiae
753 1566 836 1656 parti
851 1587 924 1655 quae
939 1576 1085 1635 versatur
1099 1566 1183 1635 circa
1199 1567 1326 1636 codices
1339 1568 1437 1658 inspi-

266 1682 408 1767 ciendos,
432 1682 627 1770 colligendas
649 1704 688 1750 ex
711 1682 828 1771 quibus
851 1681 1016 1770 scriptoris
1037 1682 1171 1772 alicujus
1191 1692 1297 1751 textus
1319 1685 1437 1752 consti-
1529 1734 1531 1736 -

265 1808 374 1866 tualur
393 1797 538 1867 lectionis
558 1797 799 1885 discrepantias,
822 1799 911 1866 locos
931 1798 1122 1885 depravatos
1140 1805 1210 1864 arte
1230 1797 1439 1886 conjecturali

266 1913 307 1979 ad
327 1912 486 2000 integram
504 1913 640 1981 lorrnarn
663 1913 862 1980 revocandos
883 1911 935 1980 alii
955 1912 1103 1996 nimium,
1118 1933 1235 2000 parurn
1250 1913 1304 1980 alii
1318 1914 1440 1982 tribue-

267 2036 352 2092 runt.
370 2027 409 2093 Ut
424 2026 510 2092 enirn
525 2026 640 2114 eisqui
656 2026 829 2114 scriptores
849 2027 996 2116 antiquos
1017 2028 1129 2114 legere
1148 2028 1279 2094 student
1291 2027 1439 2097 utiliores

267 2140 367 2207 multo
391 2149 465 2207 sunt
488 2162 534 2209 cae
554 2141 712 2209 editiones
736 2140 770 2207 in
793 2141 910 2229 quibus
931 2153 963 2209 et
985 2143 1085 2210 verba
1110 2151 1142 2208 et
1166 2162 1220 2209 res
1242 2141 1439 2212 difficiliores

177 2283 183 2291 ·
266 2255 477 2343 explanantur
496 2276 593 2344 quarn
612 2255 674 2324 illae
695 2276 767 2343 quae
786 2255 864 2322 nihil
882 2255 969 2323 aliud
983 2255 1045 2323 nisi
1061 2275 1173 2323 ornnes
1189 2255 1333 2322 omniurn
1350 2257 1440 2325 codi-

266 2390 340 2435 cum
363 2391 476 2458 pravas
499 2371 653 2439 lectiones
677 2370 843 2452 exhibent,
870 2369 912 2436 ita
936 2369 1102 2436 latendum
1127 2378 1175 2436 est
1198 2352 1307 2437 cetera
1330 2370 1439 2438 omnia

265 2482 387 2551 incerta
411 2487 551 2572 quodam
575 2487 675 2554 modo
698 2485 801 2554 videri
821 2506 918 2573 posse
939 2484 1094 2574 quamdiu
1113 2505 1180 2551 non
1208 2483 1307 2552 editio
1332 2484 1440 2573 aliqua

266 2597 308 2665 sit
321 2620 357 2665 ex
374 2620 449 2688 qua,
469 2600 525 2687 qui
545 2600 674 2668 codices
694 2600 772 2688 quid
793 2600 932 2669 habeant
953 2612 984 2669 et
1004 2599 1058 2688 qui
1072 2599 1182 2687 optimi
1197 2599 1361 2688 judicandi
1376 2601 1441 2668 sint

267 2720 385 2799 atquae
402 2733 530 2800 quoque
546 2713 618 2781 loco
633 2713 727 2781 lectio
740 2714 953 2802 praeferenda,
978 2715 1034 2782 ubi
1048 2736 1130 2802 opus
1146 2714 1197 2798 sit,
1215 2714 1297 2782 scire
1312 2715 1436 2802 possis:
1465 2791 1469 2799 ,

266 2828 540 2914 quemadmodum
554 2828 588 2896 in
601 2830 699 2897 domo
713 2828 857 2896 habitare
872 2851 937 2898 non
951 2830 1030 2898 velis
1044 2851 1115 2919 quae
1130 2830 1337 2898 fundamenta
1353 2829 1440 2896 bona

265 2962 331 3009 non
347 2943 475 3011 habeat.

309 3059 345 3125 ln
365 3058 535 3127 Helleniois
559 3060 677 3127 docent
691 3059 836 3148 exempla
860 3080 932 3148 quae
954 3058 1118 3126 attulimus
1134 3078 1207 3125 cum
1224 3079 1262 3125 ex
1277 3057 1440 3126 variarum

265 3173 440 3241 lectionum
465 3151 704 3262 comparatione
727 3175 859 3242 nonita
884 3175 1021 3241 multum
1047 3174 1189 3241 sructura
1216 3173 1349 3261 percipi,
1369 3183 1441 3242 turn

264 3309 342 3356 vero
375 3298 497 3357 textum
530 3288 574 3356 ita
607 3289 843 3358 conformatum
874 3310 943 3357 esse
977 3299 1024 3372 ut,
1059 3310 1133 3357 cum
1166 3288 1377 3377 archetypum
1407 3299 1440 3357 et
1525 3358 1529 3367 ,

269 3423 383 3489 parurn
407 3403 573 3490 antiquum
600 3404 698 3473 luisse
723 3404 868 3472 videatur
892 3413 925 3472 et
952 3403 1061 3471 multis
1087 3403 1192 3472 modis
1217 3405 1439 3492 depravatum,

266 3516 382 3604 saepius
405 3518 483 3604 quid
505 3539 570 3585 non
592 3540 661 3587 esse
683 3539 796 3586 sanum
824 3518 980 3607 suspicari
1005 3518 1098 3587 liceat
1129 3535 1226 3606 quarn
1258 3518 1441 3586 remedium

267 3629 375 3696 afferri
400 3630 510 3719 possit.
537 3633 605 3700 Hoc
625 3631 725 3719 igitur
745 3653 810 3699 non
833 3643 881 3700 est
905 3631 1175 3716 obliviscendum,
1199 3652 1272 3700 cum
1295 3632 1335 3699 ad
1358 3653 1441 3720 opus

265 3742 371 3832 ipsum
400 3746 624 3815 aestimandum
652 3747 836 3816 accesseris.
866 3749 902 3815 ln
930 3769 995 3836 quo
1024 3740 1131 3815 multa*
1150 3769 1221 3817 esse
1247 3768 1318 3834 quae
1342 3747 1440 3814 offen-

265 3860 390 3929 sionem
419 3862 560 3930 habeant
584 3874 699 3931 notum
728 3871 777 3930 est
805 3885 812 3929 :
850 3883 925 3929 nam
955 3872 987 3930 et
1015 3862 1177 3930 scribendi
1212 3861 1293 3929 ratio
1322 3861 1440 3928 mirum

265 3986 420 4064 quantum
453 3977 514 4044 sibi
541 3999 607 4046 non
638 3987 772 4063 constat,
798 3999 872 4046 cunr
897 3979 994 4045 rnodo
1022 3977 1153 4044 minima
1178 3998 1315 4065 quaeque
1338 3975 1441 4044 fusius

265 4089 478 4178 explicentur,
500 4093 597 4159 modo
616 4092 762 4161 maximae
781 4114 833 4159 res
856 4092 900 4159 ita
923 4090 1065 4159 breviter
1091 4102 1292 4179 exponantur
1314 4100 1351 4157 ut
1373 4111 1441 4157 non

264 4225 423 4288 narrasse,
448 4207 505 4273 sed
530 4207 631 4294 capita
656 4228 766 4275 rerum
791 4206 948 4275 indicasse
975 4205 1114 4294 scriptor
1136 4204 1299 4287 videatur,
1331 4212 1363 4272 et
1386 4224 1440 4272 res

267 4344 338 4411 quae
361 4321 512 4391 dicuntur
533 4342 618 4409 saepe
640 4342 714 4388 cum
738 4322 784 4389 eis
809 4342 875 4388 non
896 4332 1079 4408 congruunt
1103 4340 1175 4408 quae
1191 4319 1244 4386 alii
1265 4318 1440 4406 scriptores

267 4436 396 4505 habent.
416 4437 484 4517 Qua
500 4438 540 4504 de
556 4459 591 4504 rc
608 4437 661 4504 alii
676 4436 769 4504 aliter
780 4436 1006 4526 judicaverunt
1019 4460 1028 4521 ;
1053 4434 1321 4524 prudentissimus
1334 4433 1440 4501 Helle-

267 4550 363 4619 nicon
380 4551 581 4621 existimator
598 4553 948 4621 Buechsenschuetzius
965 4551 1199 4641 quidsenserit,
1212 4570 1308 4639 supra
1319 4549 1440 4617 dictura

269 4676 315 4734 est
330 4667 374 4754 (p.
395 4665 450 4756 66)
467 4690 473 4734 :
491 4668 580 4757 cujus
592 4667 757 4736 sententiae
768 4667 862 4736 video
873 4664 1441 4758 accessisseetiamHBreitenbachium
