3382 5482
647 474 868 539 ..57-

173 635 246 681 oum
262 613 557 701 noninlellegatur,
574 613 721 680 lacunam
737 613 835 681 fuisse
850 613 1006 702 suspicor,
1025 623 1061 682 ut
1072 627 1154 683 esset
1165 616 1339 705 scriptum:

170 731 229 802 ὑπὸ
252 739 312 801 τῶν
330 739 389 800 πολ
392 780 484 796 .......
507 733 765 817 κατακωλοὲιεῖς;
781 729 868 818 quod
887 728 964 796 mihi
984 730 1052 798 vori
1068 730 1201 798 similius
1216 730 1342 799 videtur

171 867 267 934 quam
282 866 356 912 oum
371 844 514 932 margine
530 843 752 932 Stephanianae
766 845 875 931 legere
899 850 1200 918 κατακλεισὲιεί
1206 875 1234 927 ς.

215 962 247 1046 6,
263 961 317 1029 69.
335 965 521 1053 ἐστρατήγει
545 963 578 1030 δὲ
600 961 702 1031 αὐτῶν
723 964 847 1051 Σάμιος
875 963 1005 1050 ὀνόματι
1021 963 1163 1042 Ἱππεύς.
1181 1000 1226 1009 -
1241 945 1339 1028 Recte

171 1077 354 1144 Dindorfius
378 1077 508 1166 ὀνόματι
534 1076 657 1158 (idest,
692 1077 814 1165 ὄνομά
837 1076 888 1165 τι)
913 1085 944 1142 ot
963 1069 1015 1142 iiio
1030 1084 1062 1142 el
1079 1074 1179 1143 Anah.
1197 1077 1221 1159 l,
1246 1075 1279 1158 4,
1297 1073 1340 1142 40

171 1192 356 1260 additioium
371 1213 439 1260 esse
452 1190 615 1281 judicavit.

216 1308 270 1378 32.
288 1307 371 1378 εἶπεν
385 1306 435 1376 ὅτι
454 1307 475 1398 η
499 1309 635 1396 Σπάρτη
651 1307 738 1377 οὐδὲν
755 1307 798 1399 μη
816 1310 927 1379 κάκιον
951 1312 1127 1379 οἰκεῖται
1150 1309 1248 1378 αὐτοῦ
1264 1311 1339 1379 ἀπο·

171 1427 320 1506 λανόντος
338 1447 344 1490 :
370 1423 457 1510 quod
478 1431 510 1488 et
529 1422 683 1489 soloeoum
699 1433 747 1490 est
762 1432 922 1490 otnotum
938 1434 985 1491 est
1003 1445 1041 1492 eo
1059 1444 1152 1491 sensu
1172 1418 1219 1511 εὖ,
1236 1432 1342 1504 κακῶς

172 1542 293 1609 οἰκεῖν
320 1540 409 1608 πόλιν
431 1536 504 1620 dici,
525 1558 589 1603 non
609 1541 778 1609 οἰκεῖσλαι.
802 1538 941 1607 Cobetus
964 1539 1127 1618 extoodice
1142 1540 1167 1607 A
1183 1549 1214 1606 ot
1228 1538 1341 1605 Aldina

171 1657 315 1723 οἰκιεῖται
330 1651 469 1739 recepit;
486 1651 544 1719 sed
560 1655 735 1734 οῖκίζεσοαι
750 1674 810 1740 pro
825 1657 918 1723 οῖκεῖν
932 1674 970 1725 eo
987 1674 1081 1720 sensu
1098 1652 1161 1720 dioi
1172 1673 1266 1740 posse
1276 1673 1342 1718 non

173 1767 412 1836 demonstravit.
438 1767 507 1854 Ego
533 1767 717 1854 scripserim
743 1771 862 1858 οἰκη,
888 1768 974 1855 quod
995 1767 1086 1834 laoile
1108 1766 1213 1855 potuit
1236 1768 1286 1835 vel
1309 1767 1343 1835 in

171 1887 350 1973 οἰκῆται,
376 1886 508 1952 οἰκεῖται
522 1882 573 1949 vol
588 1881 622 1948 in
637 1886 761 1971 οἰκεῖ,
786 1885 918 1953 οἰκεῖται
940 1881 1118 1971 depravari.
1142 1881 1342 1970 Quamquam

174 1996 258 2064 enim
280 2007 352 2085 post
371 1997 405 2068 od
428 1996 539 2085 (οὐδὲν)
560 2000 603 2095 μή
628 1996 743 2085 saepius
772 2007 826 2063 aut
855 1995 954 2064 futuri
977 1996 1165 2064 indicativus
1191 2008 1245 2064 aut
1271 1998 1343 2064 sub·

170 2111 329 2201 junotivus
349 2111 459 2180 aoristi
477 2121 667 2199 usurpatur,
687 2120 794 2180 tamen
810 2109 951 2178 occurrit
966 2110 1135 2200 aliquando
1157 2110 1253 2178 otiam
1269 2111 1343 2177 sub-

169 2227 328 2318 juuotivus
349 2227 538 2316 prasentia:
562 2228 658 2311 Plau,
680 2229 778 2324 Legg.
800 2229 835 2310 ll,
859 2225 917 2294 73l
945 2226 967 2294 G
988 2229 1018 2295 ἐν
1032 2235 1084 2296 τῶ.
1100 2228 1291 2315 τιμιωτάτω.
1307 2226 1342 2295 τὸ

173 2347 317 2432 μέγιστον
345 2343 442 2412 κακὸν
470 2342 603 2423 οὐδεὶς
622 2343 707 2417 ,ἑκιλν
736 2344 786 2434 μή
816 2369 892 2412 ποτε
912 2343 1025 2430 λάβη.
1047 2344 1102 2410 καὶ
1124 2348 1180 2430 ζῆ.
1201 2340 1254 2409 διαὶ
1278 2342 1344 2424 βίον

172 2461 361 2547 κεκτημένος
380 2458 470 2528 αὐτό.
486 2457 581 2544 Resp.
602 2456 629 2539 l,
646 2455 706 2524 344
726 2456 749 2523 Β
765 2457 834 2527 ἀλλ’
862 2455 902 2526 οῖ)
930 2457 983 2549 μη
1008 2448 1072 2538 οἷός
1085 2456 1114 2525 τ’
1133 2451 1165 2548 ἦ.
1175 2483 1201 2538 ς.
1219 2454 1340 2521 Phileb.

172 2571 215 2641 48
243 2573 268 2638 D
296 2573 330 2643 od
359 2573 419 2661 γὰρ
450 2573 499 2664 μη
531 2573 661 2653 δυνατὸς
689 2568 722 2642 ὦ.
749 2573 845 2654 lieu,
880 2570 968 2639 Hier.
1002 2571 1057 2654 ll,
1086 2571 1129 2638 15
1153 2572 1194 2642 οὐ
1221 2574 1272 2664 μή
1297 2598 1345 2641 σοι

173 2689 367 2758 δύνωνται
392 2687 533 2773 ἀντέχειν
547 2690 574 2756 οῖ
587 2690 739 2775 πολέμιοι.

218 2799 272 2904 34.
292 2801 378 2890 [τῶν]
395 2809 500 2872 πασῶν
518 2800 613 2872 οῖνσῶν
633 2805 719 2872 δέκα.
737 2837 781 2850 -
796 2809 868 2870 τῶν
891 2800 1011 2869 addidit
1026 2800 1177 2884 (toletus,
1196 2802 1236 2869 of.
1253 2805 1272 2888 §
1287 2799 1341 2868 25.

174 2917 209 2998 V,
224 2914 257 2998 4,
277 2914 329 2983 66.

219 3028 272 3098 35.
291 3034 374 3113 ἔδοξε
394 3033 427 3101 δὲ
449 3032 540 3120 (aad.
560 3069 605 3080 -
626 3037 697 3102 καί
703 3092 710 3120 ,
737 3032 823 3118 quod
840 3031 872 3097 in
892 3052 914 3098 α
932 3032 1032 3115 deest,
1053 3030 1170 3098 delevit
1182 3029 1342 3117 Cobetus3

132 3181 136 3188 >
174 3145 251 3211 ilem
265 3145 298 3211 in
314 3145 359 3212 eis
374 3167 446 3233 (μισ)
461 3155 535 3213 suut
549 3147 644 3234 paulo
661 3146 754 3229 infra,
775 3154 879 3216 ταῦτα
898 3149 931 3217 δὲ
953 3149 1152 3236 βουλομένους
1166 3153 1262 3215 ποιεῖν
1279 3145 1346 3214 ἄνε-

176 3287 232 3349 μος
250 3263 304 3329 καὶ
321 3261 436 3350 χειμὼν
455 3263 638 3331 διεκώλυσεν
661 3261 812 3343 αὐτοὺς
836 3264 935 3350 μέγας
955 3262 1127 3349 γενόμενος,
1144 3258 1263 3326 delevit
1279 3259 1348 3330 oui·

175 3376 283 3460 τούς,
309 3375 397 3461 quod
421 3354 526 3463 neque
557 3376 667 3444 Graece
697 3394 803 3463 nequo
829 3373 938 3442 Latine
962 3375 996 3441 in
1026 3375 1140 3442 talibus
1161 3373 1346 3462 pronomini

175 3488 264 3555 loeus
282 3497 376 3556 esset.
994 3572 998 3578 ,

220 3600 273 3669 36.
293 3603 334 3690 (ὁ)
351 3603 540 3695 ὑπηρετικὸς
553 3610 659 3696 κέλης.
678 3640 723 3654 -
737 3603 819 3674 Satis
835 3613 923 3672 reolo
938 3603 1067 3672 videtur
1081 3603 1221 3672 Cobotus
1233 3603 1351 3670 articu-

176 3717 242 3782 lum
258 3716 424 3785 delevisse.

221 3829 275 3903 37.
292 3834 367 3904 ἕὲιοε
389 3811 440 3904 fd
464 3833 641 3922 εὐαγηέλια.
660 3872 705 3882 -
718 3835 867 3902 Fortasse
884 3854 956 3901 oum
972 3832 1092 3906 Cobeto
1111 3833 1284 3920 legendum
1300 3843 1349 3900 est

177 3947 251 4016 ἔὲινέ
269 3975 331 4035 τε,
346 3948 386 4015 os.
400 3948 655 4036 lsoor.,rlreop.,
667 3948 710 4015 lO
722 3952 772 4020 ἐπὶ
783 3951 946 4029 τοιαύταις
959 3950 1108 4038 πράξεσιν
1128 3948 1348 4036 εὐαγγέλια

177 4062 232 4149 μὲν
256 4064 304 4142 δὶς
331 4063 394 4154 ἤδη
413 4065 607 4153 τελύκαμεν.
630 4063 808 4151 Aristoplt.,
830 4063 912 4150 Equ.
934 4058 999 4130 647
1021 4062 1077 4132 εἶτ’
1103 4064 1289 4154 ἐστεφάνουν
1314 4063 1346 4153 μ’

177 4175 423 4265 εὐαγγέλια,
457 4177 534 4245 ibid.
568 4177 633 4247 654
669 4179 894 4267 εὐαγγέλια
923 4180 1037 4249 uteie:
1076 4197 1270 4266 quamquam
1301 4178 1352 4247 τὰ

178 4295 316 4382 Λύκαια,
334 4294 575 4383 τάἭράκλεια
588 4296 679 4366 λύειν
693 4292 930 4381 dieitur(llen.,
942 4293 1000 4360 An.
1018 4293 1042 4376 l,
1058 4289 1090 4375 6,
1106 4290 1349 4374 lll.Demosth.,

177 4436 211 4478 π.
229 4437 260 4477 τ.
276 4418 469 4500 παραπρεσβ.
491 4408 558 4496 86).
1320 4499 1323 4504 ,

221 4522 301 4591 lbid.
319 4528 374 4594 καὶ
392 4533 459 4606 τοῖς
478 4525 693 4615 στρατιώταις
713 4526 904 4614 παρήγγειλε
924 4527 1197 4604 δειπνοποιεῖσὲιαι,
1214 4523 1270 4590 καὶ
1285 4527 1353 4603 τοῖς

180 4637 325 4728 ἐμπόροις
343 4637 386 4708 τοὶ
405 4641 557 4730 χρηματα
578 4645 690 4729 σιωπῆι
708 4640 890 4726 ένὲιεμένονς
909 4639 955 4718 εἰς
973 4637 1017 4706 τὰ
1033 4642 1126 4705 πλοῖα
1140 4635 1292 4706 ἀποπλεῖν
1307 4637 1353 4716 εἰς

178 4753 263 4837 Χῖον,
288 4789 333 4799 -
351 4747 391 4843 ἦν
412 4752 446 4820 δὲ
469 4751 504 4820 τὸ
527 4758 651 4840 πνεῦμα
674 4750 782 4839 οὔριον,
810 4788 855 4799 -
877 4753 945 4821 καὶ
973 4751 1049 4831 τὰς
1072 4752 1258 4839 τριήρεις
1281 4749 1352 4839 την
