3382 5482
575 1005 845 1082 CAPUT
905 1007 1281 1084 TERTIUM

390 1298 601 1364 Quantum
625 1300 772 1378 cuique
798 1300 929 1363 codici
953 1301 997 1363 in
1020 1306 1140 1364 textu
1165 1301 1455 1376 constituendo

743 1414 1011 1478 tribuendum
1035 1415 1102 1477 sit.
1151 1435 1155 1445 ·
1185 1504 1187 1509 Ι

380 1714 398 1797 §
415 1710 468 1777 la.
487 1751 531 1759 —
545 1711 743 1799 Scriptorcm
759 1712 925 1799 antiquum
939 1711 1087 1800 quotiens
1100 1713 1170 1801 quis
1182 1715 1343 1782 edendum
1356 1714 1506 1803 suscepit,

335 1838 439 1895 textus
458 1829 672 1896 constituendi
692 1827 806 1915 triplex
821 1828 915 1895 labor
930 1837 977 1895 est
999 1851 1005 1895 :
1027 1828 1170 1916 primuni
1185 1828 1313 1917 utquid
1329 1829 1362 1895 in
1378 1852 1506 1919 quoque

246 1931 247 1935 ¹
291 1959 296 1967 ·
335 1942 445 2010 codice
467 1943 620 2030 scriptum
643 1943 682 2010 sit
702 1943 885 2029 indagetur,
909 1942 1024 2010 deinde
1047 1944 1256 2033 archetypum
1277 1945 1362 2012 unde
1380 1946 1507 2014 codices

335 2079 446 2125 ornnes
461 2058 523 2125 orti
538 2058 599 2124 sint
614 2057 689 2146 quid
705 2058 854 2125 habuisse
872 2059 1048 2144 putandum
1063 2058 1103 2125 sit
1117 2068 1152 2125 ut
1168 2068 1337 2143 statuatur,
1350 2070 1430 2143 tum,
1448 2059 1505 2126 ubi

334 2193 371 2238 ca
393 2173 517 2260 quain
539 2172 703 2241 codicibus
727 2180 800 2238 sunt
824 2193 841 2239 a
864 2172 1002 2240 librariis
1017 2173 1186 2240 videantur
1201 2175 1345 2261 prolecta
1361 2197 1442 2258 esse,
1458 2176 1505 2242 uti

331 2287 426 2355 lectio
444 2298 594 2375 corrupta
609 2288 649 2354 ad
671 2283 838 2374 pristinam
853 2296 884 2354 et
902 2287 1060 2374 integram
1072 2287 1400 2372 formamrevocetun.
1421 2289 1504 2368 Ouo-

331 2386 416 2469 niam
431 2404 529 2490 igitur
542 2404 669 2471 codices
684 2402 872 2470 Hellenicon
888 2403 962 2469 satis
976 2414 1124 2470 accurate
1139 2403 1284 2490 cognitos
1300 2413 1331 2471 et
1342 2403 1375 2470 in
1386 2405 1504 2472 classes

330 2518 498 2606 discriptos
515 2519 682 2601 habemus
701 2519 754 2606 qui
771 2518 844 2585 sciri
861 2517 972 2605 possit,
990 2517 1046 2584 ubi
1061 2518 1146 2585 inter
1162 2540 1196 2586 se
1212 2518 1409 2601 dissentiant,
1431 2541 1504 2608 quae

328 2633 423 2704 lectio
439 2634 638 2720 praeferenda
654 2633 703 2716 sit,
717 2634 784 2721 jain
806 2632 978 2700 videndum
991 2643 1048 2701 est.
1063 2634 1166 2721 Atque
1177 2633 1228 2700 hic
1241 2633 1501 2721 distinguendum

330 2758 388 2830 cst,
414 2748 494 2815 sitne
516 2769 579 2815 una
602 2748 696 2815 lectio
717 2769 777 2834 pen
795 2768 828 2814 se
852 2747 920 2834 ipsa
939 2757 1058 2835 praeter
1076 2756 1199 2814 ceteras
1220 2747 1397 2835 probanda,
1414 2751 1503 2818 velut

329 2884 402 2930 cum
423 2863 468 2929 eis
488 2884 559 2950 quae
579 2863 702 2929 suntin
722 2863 837 2929 cetenis
861 2862 1025 2929 codicibus
1039 2872 1094 2928 aut
1112 2863 1145 2928 in
1164 2863 1406 2950 grammaticam
1426 2887 1501 2952 pec·
1593 2943 1597 2953 Ι

328 2988 418 3044 catur
431 2987 485 3044 aut
499 2976 654 3045 sententia
671 2976 807 3045 efficitur
820 2998 937 3065 panum
953 2987 1040 3045 recta
1049 3001 1057 3059 ;
1074 2999 1114 3043 an
1129 2985 1266 3066 utraque
1281 2977 1375 3052 lectio
1391 3001 1450 3066 per
1464 3001 1499 3047 se

259 3153 265 3162 .
327 3093 394 3180 ipsa
415 3093 561 3160 videatur
581 3092 606 3158 si
625 3114 690 3160 non
710 3114 813 3180 aeque,
835 3102 865 3159 at
886 3102 973 3161 certe
995 3092 1181 3180 probabilis,
1199 3094 1242 3160 ita
1258 3103 1294 3160 ut
1311 3115 1348 3160 ex
1364 3094 1500 3162 auctori·
1550 3072 1551 3075 Ἴ

326 3219 389 3276 tate
405 3209 552 3276 codicum
569 3208 623 3297 qui
638 3220 808 3296 utramque
824 3217 975 3275 tucantur
991 3192 1043 3274 res
1061 3206 1262 3295 dijudicanda
1278 3207 1328 3275 sit.
1347 3209 1386 3275 Et
1402 3209 1500 3275 saten-

326 3324 403 3390 dum
426 3335 474 3391 est
492 3345 557 3391 non
577 3323 684 3389 ornnia
703 3324 742 3390 ad
763 3332 867 3391 certas
884 3343 978 3410 posse
996 3316 1150 3389 formulas
1166 3322 1268 3410 redigi
1286 3345 1292 3388 :
1311 3343 1397 3406 nam,
1414 3323 1497 3391 utin

327 3437 441 3504 ceteris
456 3438 553 3503 nebus
569 3437 717 3504 humanis
732 3447 806 3503 sunt
820 3458 890 3524 quae
907 3457 982 3503 vera
997 3457 1066 3504 esse
1083 3437 1210 3520 sentias,
1229 3437 1354 3504 etiamsi
1370 3437 1496 3519 rationo
1551 3515 1554 3519 ,

325 3553 548 3620 demonstrare
567 3572 720 3638 nequeas,
743 3552 786 3618 ita
806 3551 901 3618 ctiam
922 3550 955 3616 in
976 3551 1037 3617 hac
1056 3573 1091 3618 re
1112 3553 1187 3639 quid
1208 3562 1332 3619 rectum
1353 3552 1403 3635 sit,
1420 3552 1497 3641 quid

325 3668 459 3748 dccenS,
477 3664 552 3752 quid
573 3686 647 3731 curn
662 3674 806 3732 veterum
827 3665 972 3732 moribus
994 3675 1089 3753 atque
1113 3665 1317 3752 opinionibus
1334 3676 1498 3734 consanta-

324 3801 433 3862 neum,
456 3778 531 3867 quid
552 3801 569 3846 a
585 3778 703 3864 Graecae
719 3780 767 3846 vel
783 3779 900 3846 Latinae
917 3779 1035 3866 linguae
1052 3790 1177 3863 natura,
1195 3779 1271 3868 quid
1289 3782 1329 3848 ab
1344 3803 1495 3849 sermone

323 3894 487 3982 scriptoris
502 3915 568 3961 non
583 3893 722 3960 alienum
739 3914 822 3980 saepe
838 3894 991 3962 interiore
1009 3896 1161 3983 quodam,
1173 3907 1208 3963 ut
1218 3895 1260 3962 ita
1271 3895 1385 3980 dicarn,
1398 3917 1495 3964 sensu

318 4009 527 4097 judicandum
543 4019 607 4105 est,
619 4007 673 4096 qui
689 4007 804 4096 quibus
821 4009 920 4092 deest,
936 4009 981 4075 illi
993 4009 1129 4075 multum
1140 4009 1299 4077 frustrain
1311 4011 1495 4079 evolvendis

321 4124 536 4191 voluminibus
559 4123 704 4190 laboncrn
724 4133 927 4191 consumunt.
948 4123 1011 4191 Sed
1032 4132 1140 4189 tantan
1164 4124 1215 4191 ille
1238 4145 1350 4207 sensus
1376 4125 1437 4191 nisi
1461 4136 1494 4192 et

322 4240 494 4306 multarum
511 4259 620 4306 renum
637 4239 818 4324 cognitione
835 4249 867 4305 et
883 4247 970 4303 certa
986 4238 1126 4324 quadam
1140 4237 1188 4304 via
1204 4259 1241 4305 ac
1258 4238 1381 4305 ratione
1392 4238 1494 4327 inqui-

321 4355 412 4421 rendi
427 4354 604 4441 adjuvatur,
621 4376 638 4420 a
654 4375 731 4421 vero
751 4363 782 4420 ct
801 4353 870 4440 ipse
886 4353 1038 4420 deerrare
1050 4361 1174 4441 potest:
1197 4374 1309 4441 quare,
1322 4373 1396 4420 cum
1407 4374 1492 4441 saepe

320 4469 398 4536 alios
416 4469 508 4535 aliter
527 4468 645 4535 sentire
669 4467 1048 4550 videantuS,cavcndu1n
1079 4479 1144 4552 est,
1170 4468 1195 4534 si
1221 4466 1351 4556 quidem
1375 4467 1493 4536 ceteris

319 4585 512 4673 persuadere
528 4584 616 4667 velis,
634 4582 680 4650 uli
698 4603 811 4649 conum
827 4603 897 4670 quac
913 4582 979 4670 ipse
997 4583 1113 4650 sentias
1131 4582 1226 4650 etiam
1243 4581 1396 4666 rationes,
1413 4603 1492 4672 qua-

319 4709 411 4766 tenus
428 4697 499 4766 lieni
514 4698 619 4781 liceat,
638 4707 741 4766 cartas
757 4697 872 4764 afferre
887 4696 999 4784 possis.
