3382 5482
803 399 1024 464 -92-

330 539 446 608 afferre
461 538 536 607 satis
553 538 745 628 prohabiles.
763 539 843 607 Nam
859 559 896 606 ea
913 538 1042 627 quidem
1062 558 1133 625 quae
1150 537 1182 604 in
1201 537 1371 606 Hellenicis
1386 559 1500 626 reprc-

331 651 516 723 hendtintur
529 653 748 743 Xenophontis
762 664 895 741 possunt
909 653 1030 740 ingenii
1044 653 1117 721 vitia
1134 674 1223 720 esse:
1242 663 1327 722 recte
1341 653 1426 721 enim
1437 653 1502 720 ani·
1581 703 1591 710 .

331 771 502 838 madvertit
521 773 733 860 Πανταζίδης,
759 769 786 836 si
808 769 1054 856 Xenophontem
1076 768 1147 855 quis
1170 767 1203 834 in
1226 768 1388 856 epitomen
1407 770 1501 837 rede·

332 884 430 971 gisset
452 883 595 972 quamvis
618 883 798 972 imperitus
824 904 898 951 cum
922 903 988 950 non
1011 905 1047 952 ea
1070 883 1271 971 potissimum
1286 907 1358 972 quae
1373 885 1455 951 levia
1470 895 1499 952 el

331 998 420 1087 parvi
442 998 596 1066 momenti
616 1009 721 1067 essent
732 1021 842 1088 prope
860 998 1027 1065 immutata
1045 998 1284 1086 descripturum
1299 999 1410 1082 fuisse,
1426 1019 1501 1066 cum

331 1113 364 1179 in
387 1114 581 1200 gravissimis
603 1113 700 1182 relius
723 1114 860 1202 plurima
885 1114 1043 1181 omisisset
1070 1138 1077 1180 :
1104 1115 1387 1202 quemadmodum,
1414 1113 1501 1200 quod

330 1228 420 1296 initio
440 1228 514 1295 libri
537 1229 653 1316 quarti,
678 1238 714 1296 ut
735 1230 900 1316 Agesilaus
924 1229 1126 1317 Spithridatis
1149 1228 1248 1295 filiam
1274 1227 1343 1316 Otyi
1364 1236 1501 1314 nuptum
1559 1235 1561 1239 ’

332 1342 544 1426 collocaverit,
560 1343 713 1430 prolixius
727 1358 887 1428 narratur,
902 1343 1107 1432 Xenophonti
1117 1342 1254 1430 Agesilai
1266 1341 1372 1409 omnia
1383 1347 1504 1429 praeter

332 1458 464 1524 mollum
485 1457 653 1546 placuisse,
673 1457 791 1546 quippe
815 1479 911 1546 quem
935 1457 1097 1546 praecipue
1118 1459 1240 1527 coleret
1255 1466 1350 1544 atque
1366 1453 1503 1523 admira-

332 1582 433 1656 retur,
456 1572 531 1640 satis
551 1581 663 1639 notum
683 1584 751 1656 est;
772 1584 803 1641 at
827 1583 950 1657 contra,
971 1572 997 1641 si
1017 1572 1181 1641 Hellenica
1196 1569 1416 1660 Xenophontis
1430 1591 1502 1638 csse

330 1687 510 1774 negaveris
532 1708 590 1754 cur
611 1687 664 1756 ille
686 1708 782 1776 quem
809 1688 972 1775 epitomen
993 1688 1169 1756 confecisse
1192 1686 1354 1776 putaveris
1372 1685 1503 1775 potissi·

332 1824 421 1870 mum
444 1803 512 1871 haec
537 1812 632 1892 atque
656 1803 730 1870 talia
754 1802 880 1890 integra
905 1804 1065 1891 receperit
1086 1804 1137 1872 vel
1162 1803 1269 1892 potius
1292 1824 1351 1870 cur
1376 1822 1501 1870 canon

332 1919 463 1985 omnino
479 1918 633 2002 omiserit,
650 1917 808 1986 difficilius
822 1918 1029 2006 intellegitur.

376 2031 469 2111 Quod
490 2054 567 2102 vero
591 2034 689 2101 multa
711 2035 796 2122 apud
820 2033 998 2102 Diodorum
1020 2042 1074 2100 aut
1096 2033 1302 2120 Plutarchum
1322 2032 1502 2100 aliternar-
1622 2122 1626 2127 .

331 2159 444 2215 rantur
464 2159 560 2237 atque
582 2147 613 2214 in
635 2149 818 2234 Hellenicis‚
834 2170 940 2238 neque
955 2149 1029 2217 inde
1046 2148 1183 2218 efficitur
1198 2171 1235 2217 ea
1250 2171 1288 2217 ex
1303 2148 1430 2238 integro
1445 2149 1501 2218 illo

331 2264 542 2351 Xenophonte
563 2263 706 2352 prolecta
731 2285 814 2348 esse,
839 2285 913 2331 cum
933 2274 1052 2352 praeter
1073 2265 1321 2352 Xenophontem
1344 2265 1440 2332 etiam
1463 2287 1502 2334 cr

330 2376 460 2466 Ephoro
482 2388 513 2446 et
530 2380 738 2469 Theopompo
762 2382 862 2448 multa
879 2388 910 2447 et
923 2379 1102 2448 Diodorum
1117 2391 1150 2447 et
1164 2380 1369 2447 Plutarchum
1385 2379 1502 2467 petisse

329 2494 403 2560 satis
425 2505 560 2579 constet,
577 2534 619 2544 —
637 2496 678 2563 de
701 2516 764 2584 qua
784 2517 820 2563 re
842 2495 971 2563 videndi
993 2505 1067 2563 sunt
1087 2515 1168 2583 ‹puos
1187 2494 1297 2561 laudat
1317 2494 1501 2562 Breitenba-

332 2608 442 2675 chius:
464 2609 698 2697 Volpuurdscu,
719 2611 1007 2698 Untersuchungen
1030 2611 1085 2678 rib.
1106 2610 1156 2678 dic
1172 2609 1307 2689 Ouellen
1321 2611 1352 2680 d.
1371 2608 1497 2679 Griech.
1530 2676 1532 2680 ,

331 2744 364 2788 u.
381 2721 466 2790 Sicil.
483 2722 692 2791 Geschichten
711 2724 764 2791 bei
786 2725 907 2792 Diodor
928 2727 962 2793 Β.
986 2726 1027 2793 XI
1041 2725 1091 2793 bis
1106 2725 1183 2808 XVI,
1200 2725 1279 2808 Xiel,
1298 2723 1396 2792 lact.
1418 2723 1501 2792 uou-

331 2858 451 2921 munu,
476 2837 522 2906 Dc
545 2837 678 2907 Diodori
701 2838 764 2906 Sic.
790 2839 943 2924 fontibus,
967 2840 1088 2922 Mach,
1116 2838 1224 2923 t86tt;
1251 2839 1431 2925 Stcdcscldt,
1454 2838 1500 2906 Dc

172 2986 175 2990 .
331 2953 482 3041 Lysandri
502 2954 682 3022 Plutarchei
702 2954 861 3038 lontibus,
882 2956 1018 3038 Bonnae,
1043 2953 1140 3024 latit.
1163 2953 1294 3037 Friclcc,
1316 2953 1422 3021 Ueber
1448 2952 1500 3019 die

157 3106 161 3113 ·
208 3067 232 3122 s
332 3066 466 3146 Ouellen
479 3068 536 3135 des
550 3069 735 3137 Plutarchos
751 3068 796 3135 im
809 3069 916 3136 Nikias
930 3091 963 3135 u.
978 3069 1172 3152 Allsihiadcs
1188 3067 1327 3156 Leipzig,
1344 3066 1429 3137 t869
1442 3067 1499 3156 (¹);

331 3221 375 3232 -
398 3193 430 3251 et
451 3183 680 3252 domonstravit
702 3183 966 3251 Breitenbachius
992 3183 1145 3272 exemplis
1167 3205 1185 3250 e
1206 3183 1292 3250 lihro
1315 3183 1420 3271 primo
1444 3183 1500 3250 dc-

332 3298 477 3387 sumptis,
500 3299 647 3387 quotiens
668 3299 830 3368 Hellenica
853 3320 926 3366 cum
947 3299 1089 3368 Diodoro
1114 3309 1169 3367 aut
1190 3299 1361 3367 Plutarcho
1384 3290 1500 3386 parum

333 3423 560 3499 congruerent,
582 3435 620 3482 ea
641 3435 713 3501 quae
727 3413 941 3481 intimenius
965 3423 1072 3483 essent
1095 3414 1299 3503 plerumque,
1315 3422 1351 3480 ut
1368 3411 1501 3480 brevius

333 3525 416 3592 dicta
435 3547 517 3610 esse,
533 3527 587 3610 ita,
603 3527 630 3594 si
644 3527 826 3615 diligentius
841 3548 912 3594 rem
926 3527 1112 3617 inspiceres
1129 3527 1197 3596 veri
1213 3526 1365 3595 similiora
1382 3535 1415 3594 ct
1428 3548 1500 3614 quae

333 3641 447 3708 melius
460 3641 733 3729 intellegerentur.

339 3799 341 3802 >
376 3757 446 3823 Huc
469 3757 592 3825 accedit
612 3758 698 3845 quod
718 3778 759 3825 ne
782 3756 907 3825 dicendi
931 3758 1060 3846 quidem
1083 3757 1165 3826 ratio
1181 3757 1250 3846 ejus
1267 3755 1322 3846 qui
1335 3755 1499 3825 Hellenica
1559 3841 1561 3845 ἢ

333 3870 521 3959 conscripsit
541 3872 581 3938 ab
603 3893 752 3940 sermone
776 3873 1010 3961 Xenophonteo
1033 3881 1087 3940 aut
1107 3872 1233 3940 delectu
1254 3871 1429 3939 verborum
1444 3882 1499 3939 aut

333 3986 453 4073 syntaxi
467 3986 593 4053 videtur
607 3986 797 4054 abhorrere.

375 4101 551 4189 Κυπριανὸς
565 4122 642 4168 vero
658 4122 749 4195 suam
764 4101 954 4170 sententiam
970 4100 1067 4169 etiam
1086 4100 1129 4169 ita
1147 4100 1340 4169 confirmare
1361 4107 1499 4168 conatus

333 4223 437 4281 estut
460 4215 743 4301 grammaticorum
767 4218 856 4285 locos
880 4216 1010 4285 afferret
1033 4216 1162 4305 quihus,
1189 4225 1226 4284 ut
1253 4214 1498 4302 Xenophonteo,

331 4325 429 4397 vc'rba
444 4340 777 4399 commemorarentur
796 4354 868 4420 quae
886 4353 972 4400 nunc
989 4333 1023 4399 in
1040 4331 1262 4421 Xenophontis
1282 4329 1409 4418 scriptis
1427 4351 1501 4398 nus-

367 4607 399 4674 (¹)
414 4608 449 4661 Gi.
463 4610 550 4662 ctiam:
564 4611 674 4675 Notorp,
691 4612 756 4672 Quos
770 4615 884 4665 auctores
894 4615 920 4664 tn
929 4613 1023 4665 ultimis
1033 4611 1090 4664 belli
1100 4611 1301 4675 Peloponnesiaci
1315 4609 1387 4661 annis
1403 4608 1500 4659 descri-

328 4697 415 4750 bendis
428 4699 507 4750 secuti
519 4699 569 4752 sint
581 4700 711 4771 Diodorus,
725 4701 878 4768 Plutarchus,
893 4701 1030 4767 Cornelius,
1045 4699 1158 4753 tustinus
1170 4698 1347 4764 (argentorati,
1364 4696 1451 4759 18'ltl.
