3382 5482
671 454 897 521 „51-

240 599 287 666 Eo
302 619 379 665 vero
395 597 466 663 loeo
482 594 536 684 qui
552 605 599 663 est
612 595 650 678 ll,
667 596 701 678 1,
717 595 771 663 8-9
784 594 858 685 jure
874 594 1007 662 ellendit
1020 596 1368 665 Bueohsenschuetnius

197 713 232 779 in
253 712 359 781 verbis
376 715 454 792 υἱεῖς
474 711 568 792 ὄντας
593 719 655 802 τῆς
678 715 821 800 Δαοιαίου
842 710 950 799 (codd.
976 715 1155 800 Δαρειαίου;
1191 721 1238 779 est
1262 722 1370 781 autem

199 831 342 917 heptatico
368 827 467 893 altera
492 825 596 892 forma
616 845 676 911 pro
701 824 838 914 Δαρείου)
855 826 998 916 ἀδελφῆς
1012 835 1075 917 τῆς
1094 835 1149 896 τοῦ
1176 830 1289 916 Ξέρξου
1314 835 1368 898 τοῦ

199 944 324 1030 Δαρείου
337 943 471 1028 πατρός,
489 938 575 1027 qued
590 948 621 1005 et
636 937 730 1005 Darei
745 948 835 1026 pater
848 939 1050 1023 Artaxerxes,
1068 961 1132 1008 non
1147 942 1279 1025 Xerxes,
1296 942 1371 1009 iuis-

199 1065 246 1124 set
262 1065 305 1140 et,
326 1076 399 1123 cum
418 1055 512 1122 Darei
528 1075 674 1123 sororem
689 1054 801 1122 Xerxis
816 1053 916 1122 filiam
927 1076 996 1123 esse
1008 1055 1128 1123 dictum
1139 1067 1233 1141 esset,
1245 1067 1371 1145 patrem

200 1191 270 1239 esse
292 1170 386 1237 Darei
411 1172 549 1238 Xerxem
569 1189 804 1258 supervacuum
825 1180 909 1237 esset
929 1170 1059 1240 addere.
1080 1172 1161 1238 Tum
1177 1172 1276 1238 verba
1298 1173 1313 1243 δ
1338 1175 1372 1242 δὲ

200 1285 295 1355 αυτὸν
319 1288 558 1375 μεταπέμπεται
573 1284 614 1366 ὡς
631 1284 793 1374 ἀρρωστῶν
814 1288 945 1374 πέμψας
965 1285 1116 1373 άγγελους
1132 1285 1281 1353 additieia
1302 1308 1371 1355 esse

101 1431 105 1437 ·
200 1418 259 1485 pro
286 1407 373 1464 certo
396 1397 513 1481 haheo,
540 1417 614 1464 eum
637 1397 732 1484 paulo
754 1397 834 1465 infra
857 1398 897 1465 sit
918 1399 949 1487 (ί
973 1397 1028 1486 13)
1049 1422 1057 1467 :
1086 1403 1152 1470 ἐπεὶ
1171 1401 1265 1472 αὐτῶι
1285 1403 1372 1492 παρὰ

200 1521 254 1583 τοῦ
269 1513 388 1603 πατρὸς
402 1509 479 1604 ἧκεν
495 1513 729 1601 ἄγγελοςλέγων
745 1512 794 1583 ὅτι
811 1514 973 1604 ἀρρωστῶν
990 1517 1101 1585 ἐκεῖνον
1112 1519 1234 1605 καλοίη.
1249 1515 1372 1583 Ibidem

201 1627 297 1695 etiam
316 1625 402 1693 aliud
423 1625 673 1693 additamentum
693 1626 726 1693 in
742 1636 864 1694 textum
885 1637 1051 1716 receptum
1073 1649 1142 1696 esse
1157 1639 1253 1718 puto;
1273 1631 1371 1720 scrip-

201 1753 269 1810 tum
288 1751 336 1810 est
353 1741 438 1810 enim
461 1765 467 1810 :
495 1740 566 1830 [11]
581 1745 741 1831 παρέδειξε
761 1744 787 1812 δ’
810 1743 904 1814 uicti
924 1744 1048 1825 πάντας
1066 1745 1141 1826 τους
1162 1747 1273 1834 φόρους
1295 1746 1373 1827 τούς

201 1861 237 1929 ἐκ
253 1868 312 1929 τῶν
326 1861 443 1930 πόλεων
458 1863 487 1929 οἳ
502 1858 597 1929 αὐτῶν
613 1861 685 1928 ἴδιοι
700 1855 782 1949 ἦσαν
798 1861 854 1928 καὶ
871 1859 915 1928 τὰ
939 1858 1071 1948 περιττά
1087 1863 1239 1950 χρήματα
1255 1863 1365 1930 ἔδωκε·
1425 1885 1429 1901 ·

201 1976 257 2044 καὶ
273 1964 459 2063 ἀναμνήσας
476 1972 517 2054 ὦς
529 1969 594 2059 εἶχε
611 1975 719 2062 φιλίας
733 1974 810 2061 πρός
825 2001 860 2042 τε
873 1973 934 2063 τήν
952 1977 1202 2063 Λακεδαιμονίων
1215 1976 1304 2045 πάλιν
1318 1979 1375 2045 καὶ

201 2089 277 2178 πρὸς
291 2090 466 2177 Λύσανδρον
482 2090 555 2157 ίδίαι
576 2087 716 2173 ἀνέβαινε
731 2088 808 2177 πρὸς
823 2089 877 2158 τὸν
890 2091 1022 2178 πατέρα.
1043 2087 1115 2177 [15]
1133 2091 1311 2179 Λύσανδρος
1328 2091 1370 2178 δ’,

203 2202 284 2289 (ἐπεὶ
301 2201 400 2272 adcor
421 2209 524 2290 Κῦρος
542 2204 648 2272 πάντα
665 2202 824 2291 παραδοδς
842 2202 887 2272 τὰ
905 2202 1002 2272 αὑτοῦ
1023 2203 1100 2292 πρὸς
1115 2204 1169 2273 τὸν
1185 2208 1307 2294 πατέρα
1321 2205 1375 2294 ἀο-

203 2323 380 2405 ουστοῦντα
396 2317 622 2405 μετάπεμπτος
637 2315 804 2404 άνέβαινε,)
821 2316 936 2405 μισὲιὸν
952 2318 1077 2397 διαδούς
1100 2325 1186 2400 cett,
1203 2317 1260 2384 ubi
1274 2319 1373 2386 verba

203 2450 273 2517 quae
288 2429 402 2497 seclusi
418 2429 528 2498 delere
544 2429 630 2497 haud
652 2429 876 2498 dubitaverim.

245 2545 350 2613 Verba
373 2553 480 2612 autem
503 2540 534 2615 dt
553 2573 590 2615 τε
608 2584 649 2593 -
664 2547 842 2637 &sencicho
857 2545 893 2633 (l,
911 2544 943 2628 6,
961 2544 995 2633 1)
1010 2565 1203 2634 quamquam
1222 2545 1257 2615 Ο.
1279 2547 1374 2615 Muel-

202 2660 271 2727 lero
288 2659 328 2726 ah
344 2659 573 2748 interpolatore
588 2659 733 2747 prolecta
754 2680 824 2727 esse
844 2659 1037 2727 videbantur
1050 2659 1108 2748 qui
1131 2661 1285 2729 archonte
1308 2661 1375 2730 Gal-

203 2773 285 2841 liade
307 2774 357 2841 vel
381 2772 499 2858 uetita,
519 2773 552 2841 id
572 2782 631 2857 est,
655 2772 703 2841 Ol.
730 2773 784 2858 75,
808 2774 824 2841 1
849 2803 887 2835 =
910 2774 988 2872 180,
1008 2777 1164 2865 templum
1184 2776 1333 2845 Minerrae
1356 2798 1374 2844 a

188 2881 307 2956 'Persis
327 2887 493 2956 incensum
511 2910 581 2956 esse
597 2889 743 2976 legisset,
764 2898 873 2957 tamen
892 2909 951 2978 per
970 2911 1004 2957 se
1021 2890 1089 2979 ipsa
1108 2891 1187 2958 nihil
1202 2893 1321 2960 hahent
1339 2893 1373 2960 in

204 3024 267 3091 quo
283 3004 406 3071 haereas
423 3024 430 3070 :
448 3025 599 3092 namque,
618 3002 677 3071 etsi
691 3003 839 3072 hlinervee
858 3005 996 3074 Poliadis
1012 3015 1103 3074 vetus
1119 3008 1205 3075 aedes
1221 3007 1376 3094 deflagra-

203 3127 303 3203 verat,
320 3139 403 3186 nova
418 3119 562 3187 nondum
577 3118 723 3187 absoluta
737 3127 816 3203 erat,
832 3119 936 3209 potuit
952 3130 1060 3188 tamen
1077 3121 1146 3189 haec
1162 3121 1338 3190 rectissime
1359 3123 1375 3193 ὁ

201 3233 377 3315 παλαιὸς
398 3243 461 3325 τῆς
476 3235 622 3324 Ἀληνᾶς
640 3236 714 3316 νεώς
734 3233 807 3317 dici,
828 3243 864 3301 ut
887 3255 906 3301 a
931 3235 1151 3320 Parthenone,
1174 3236 1229 3325 qui
1250 3237 1376 3324 origine
1415 3229 1417 3233 ’

203 3348 365 3416 recentior
385 3358 465 3433 erat,
488 3347 765 3436 distingueretur:
788 3350 828 3417 de
849 3370 912 3438 qua
933 3371 969 3417 re
989 3338 1029 3417 τί
1050 3349 1156 3418 Strab.
1181 3351 1233 3435 Ill,
1260 3352 1292 3436 1,
1319 3350 1374 3434 16,

202 3462 220 3532 δ’
239 3491 275 3534 τε
295 3463 425 3554 ἀρχαῖος
441 3465 590 3555 νεώςτῆς
605 3467 773 3552 Πολιάδος,
792 3475 825 3532 et
840 3463 873 3533 C.
889 3463 913 3531 I.
932 3463 970 3533 G.
986 3464 1011 3548 Ι,
1027 3475 1059 3552 p.
1076 3464 1142 3533 264
1157 3466 1205 3554 ί).

248 3577 323 3662 Sed,
350 3587 423 3645 utut
452 3599 486 3646 se
517 3599 570 3647 res
596 3579 706 3663 hahet,
736 3579 843 3647 omnia
866 3580 936 3647 haee
966 3580 1011 3648 sic
1041 3580 1210 3670 complecti
1240 3580 1314 3649 licet
1341 3592 1377 3663 ut

204 3692 346 3761 dicamus
372 3715 487 3773 eorum
510 3694 658 3791 locorum
682 3695 738 3762 uhi
764 3717 816 3764 res
840 3716 859 3762 a
882 3696 968 3764 bello
997 3697 1269 3785 Peloponnesiaco
1301 3698 1377 3766 alie-

203 3827 253 3875 nae
276 3819 499 3876 memorantur
523 3819 648 3899 partem
673 3820 760 3878 certe
787 3810 970 3878 additiciam
996 3811 1097 3878 videri
1121 3833 1137 3878 :·
1157 3833 1195 3878 ex
1223 3833 1287 3900 quo
1312 3813 1377 3880 col·

204 3921 260 4009 ligi
282 3943 377 4010 posse
407 3922 504 3991 etiam
532 3934 658 3992 ceteros
683 3946 742 4013 pro
768 3925 925 4013 suspectis
949 3924 1127 3992 habendos.
1154 3924 1273 4014 injuria
1298 3947 1376 3995 vero

204 4036 375 4106 Richterus
396 4039 461 4107 duo
482 4039 583 4123 locos,
608 4040 633 4122 1,
660 4038 691 4123 h,
709 4038 754 4106 1-1
773 4049 805 4106 et
822 4038 877 4123 18,
899 4038 990 4107 uneis
1009 4039 1152 4107 seclusos
1171 4040 1270 4117 veluit
1288 4063 1295 4108 :
1316 4041 1378 4108 uhi

206 4172 277 4239 quae
292 4153 479 4221 referuntur
497 4174 597 4242 parva¹
616 4163 690 4222 sunt
704 4152 759 4221 illo
773 4153 916 4242 quidem,
934 4155 991 4223 sed
1008 4154 1139 4224 minime
1156 4177 1175 4224 a
1190 4156 1265 4228 buti
1279 4157 1378 4226 rehus

206 4265 319 4334 aliena.
433 4288 435 4293 ·

241 4472 271 4535 (¹)
287 4472 341 4524 Huc
351 4473 446 4525 accedit
459 4474 525 4538 quod
540 4474 564 4525 in
579 4473 708 4526 Erechthei
726 4475 824 4538 porticu
840 4487 895 4540 quae
908 4475 934 4526 in
948 4474 1143 4540 septentrionem
1157 4477 1251 4538 spectat
1265 4476 1377 4538 quedam

206 4564 354 4613 notaverunt
371 4563 500 4613 architecti
517 4563 611 4631 quihus
632 4563 798 4614 demonstrari
822 4563 950 4614 videretur
967 4563 1086 4626 quasdam
1105 4564 1187 4627 operis
1211 4566 1294 4626 partes
1313 4564 1379 4615 inter
1464 4577 1465 4581 ¹

206 4651 285 4714 ipsam
309 4649 494 4703 edificationem
514 4653 545 4704 de
566 4651 663 4714 integro
685 4652 835 4704 instauratas
857 4664 933 4704 esse:
958 4663 1013 4715 que
1034 4651 1133 4714 quidem
1153 4651 1261 4704 incendii
1274 4649 1379 4715 alicujus

206 4746 309 4811 vestigia
325 4760 381 4799 esse
394 4749 508 4812 possunt.
