3382 5482
671 335 928 401 ..4-

244 499 274 565 p.
296 477 347 546 Vll
368 498 415 564 sq.
440 497 476 542 ex
497 477 525 544 hl
548 474 651 559 affert,
674 495 734 562 ego
757 485 793 544 ut
813 498 851 561 ex
870 475 1018 544 Nnotavi
1035 476 1087 566 (¹);
1102 478 1409 566 quorumquoniam

243 592 362 660 mentio
376 590 498 673 incidit,
514 590 637 678 reliqua
651 611 724 678 quae
740 613 778 658 ex
795 592 909 659 eodem
926 590 1035 659 codice
1052 591 1159 659 notavi
1174 591 1305 675 scholia,
1321 592 1409 680 parri

242 707 371 795 quidem
393 707 546 788 facienda,
569 706 639 772 haec
659 715 755 774 sunt:
779 707 802 789 1,
825 707 858 789 b,
882 706 901 776 6
924 710 1098 778 αι’σὲνέσὲναι
1120 712 1175 777 καὶ
1197 710 1410 779 αι’σδάνεσὲιαι

241 826 428 912 διαφέρουσι
450 823 485 891 τό
505 823 560 910 μἐν
574 823 634 911 γάρ
650 825 825 892 αι’σὲνόσδαι
841 825 891 891 ε’πὶ
911 831 964 892 τοῦ
987 822 1122 912 ἀκριβῶς
1138 826 1250 893 είδόναι
1267 827 1300 892 τί
1321 823 1407 910 [sic]

241 939 276 1008 τό
294 941 328 1008 δὲ
343 940 556 1008 αι’σδάνεσδαι
573 941 623 1007 ἐπὶ
637 947 690 1007 τοῦ
705 938 841 1007 ὑπονοεῖν
855 941 898 1008 τί.
919 976 963 984 -
981 937 1016 1003 ln
1030 937 1145 1024 pagina
1161 937 1307 1025 sequenti
1322 939 1412 1004 sollo·

241 1053 307 1121 lion
321 1062 370 1119 est
383 1052 422 1118 de
437 1052 555 1118 talento
571 1050 694 1134 Graece,
711 1062 865 1138 quantum
882 1050 997 1118 efficiat
1010 1062 1042 1118 et
1056 1052 1090 1118 in
1104 1074 1181 1140 quas
1191 1062 1297 1140 partes
1309 1052 1412 1119 distri-

240 1168 369 1235 buatur.
390 1205 435 1214 -
455 1167 491 1233 ln
510 1165 625 1254 pagiua
647 1165 804 1253 sequenti,
828 1166 971 1233 scholion
993 1167 1033 1233 de
1054 1147 1153 1234 verbo
1174 1170 1316 1257 πράττω,
1333 1167 1411 1256 quid

240 1282 365 1350 intersit
381 1281 465 1348 inter
483 1284 612 1369 πράττω
627 1290 659 1348 ei.
672 1282 853 1369 πράττομαι
870 1281 922 1367 (=
935 1281 969 1350 τό
988 1284 1186 1370 οἰκονομικῶς
1200 1279 1225 1373 ἦ
1239 1291 1388 1352 πολιτικιῖ
1392 1310 1410 1363 ς

240 1395 264 1490 οἳ
288 1398 341 1467 διὰ
363 1400 456 1486 μέσον
481 1395 565 1476 τινός
585 1396 750 1484 διενεργῶ),
772 1383 851 1461 itcrn
871 1395 910 1461 dc
930 1398 1060 1484 πράττει
1085 1423 1123 1454 =
1146 1398 1308 1485 διάκειμαι
1325 1397 1420 1464 etde

240 1514 419 1601 πράττομαι
434 1514 597 1602 χρήματα.
615 1548 659 1557 -
673 1509 804 1576 Duobus
819 1509 943 1596 paginis
959 1509 1053 1593 infra,
1071 1509 1215 1577 scholion
1226 1520 1272 1577 est
1283 1512 1322 1577 de
1333 1533 1412 1598 prae·

242 1626 398 1714 positione
410 1627 488 1696 άνά;
504 1645 600 1713 quam
611 1625 675 1691 virn
686 1623 918 1691 distributivam
927 1624 1145 1712 haheat3quid
1155 1624 1411 1693 valeatinrerbis

241 1738 443 1831 compositis;
461 1743 605 1830 σημαίνει
620 1742 721 1809 δὲκαὶ
738 1744 916 1829 φανέρωσιν,
929 1738 1017 1805 velut
1027 1737 1060 1804 in
1070 1739 1170 1805 verbo
1182 1740 1406 1831 ἀναρρηξιῆναι.

239 1893 284 1904 -
307 1854 343 1922 In
367 1855 481 1943 pagina
506 1855 645 1921 cadem:
671 1854 745 1942 quid
772 1853 897 1921 intersit
918 1853 1002 1920 inter
1020 1864 1183 1921 oratorem
1201 1855 1228 1941 (ὁ
1245 1857 1357 1945 ῥητωρ)
1379 1864 1411 1921 et

240 1968 343 2036 virum
369 1969 494 2036 civilem
519 1969 546 2056 (ὁ
570 1968 754 2056 πολιτικός).
773 2009 816 2018 -
839 1967 869 2052 Ι,
890 1969 926 2051 6,
942 1968 962 2037 8
977 1970 1061 2061 ἤδη·
1080 1972 1221 2055 ταχέως·
1247 1992 1261 2032 ι
1283 1971 1410 2058 φεόγοις

239 2082 277 2154 οἲν
290 2086 353 2175 η’δη
367 2085 442 2166 τούς
456 2085 615 2174 πονηροός,
631 2108 644 2149 ν
663 2088 728 2154 Καὶ
748 2085 818 2154 ἀντὶ
833 2084 926 2171 ε’γγός
942 2092 994 2153 τοῦ
1013 2086 1165 2173 παρόντος
1179 2087 1234 2154 καὶ
1251 2087 1407 2173 ἐπίρρημα

237 2201 386 2287 χρονικόν.
405 2237 450 2246 -
463 2198 498 2264 ln
512 2198 626 2285 pagina
639 2197 786 2285 sequenti
797 2198 1009 2285 explanantur
1019 2199 1118 2265 verba
1129 2202 1289 2286 ἐπιβάται,
1302 2199 1409 2286 ὀλιγώ-

238 2340 305 2402 ρως.
325 2352 369 2361 -
388 2313 503 2380 Tribus
518 2312 641 2400 paginis
657 2312 738 2379 inira
756 2312 945 2399 explanatur
957 2313 1092 2379 verbum
1110 2316 1300 2403 διαψήφισις
1316 2313 1367 2399 (ε
1385 2315 1406 2404 ἠ

236 2430 368 2518 κρύβδην
383 2436 491 2520 ψῆφος
503 2428 678 2518 φερομένη),
692 2467 737 2475 -
751 2428 775 2510 Ι,
788 2428 819 2510 7,
829 2429 850 2495 ό
861 2427 895 2498 od
910 2429 1109 2518 φάσκοντας·
1128 2427 1171 2518 μὴ
1189 2431 1351 2507 δέλοντας,
1364 2466 1408 2475 -
1467 2484 1468 2487 ,

236 2540 260 2625 Ι,
277 2542 308 2626 7,
325 2542 368 2609 ΙΙΙ)
388 2543 556 2613 ἀποδικεῖν·
578 2543 814 2630 άπολογεῖσδαι.
833 2542 917 2624 -Ι,
936 2541 966 2625 7,
983 2542 1026 2611 35
1047 2543 1179 2633 προβολη
1197 2543 1301 2634 γραφη
1320 2545 1407 2613 κατὰ

235 2665 295 2725 τῶν
319 2659 599 2747 συκοφαντούντων.
625 2695 667 2706 -
694 2655 810 2742 Pagina
834 2665 906 2744 post
928 2655 1026 2723 finem
1049 2655 1124 2746 libri
1147 2655 1242 2743 primi
1268 2658 1368 2724 altera
1396 2679 1403 2723 :

235 2766 331 2842 eicon
346 2774 428 2860 ίεραὶ
443 2773 580 2862 τριήρεις
597 2773 746 2860 δημόσιαι
763 2773 839 2840 εἰσὶν
856 2771 929 2858 [sic]
947 2774 998 2840 ἐπὶ
1012 2771 1074 2852 τὰς
1089 2781 1151 2860 τῆς
1164 2774 1284 2852 πόλεως
1298 2776 1407 2861 χρείας

234 2887 431 2974 πεμπόμεναι
455 2885 496 2966 ὦς
517 2886 568 2971 (ex
590 2884 794 2952 correctione
813 2909 820 2949 :
838 2906 912 2952 narn
935 2884 1091 2972 scriptum
1111 2885 1216 2952 fuerat
1227 2887 1295 2972 καί)
1313 2913 1407 2972 ταχο-

234 3007 401 3069 ναντοῦσαι
426 3002 481 3068 καὶ
500 2995 584 3090 ἦσαν
609 2999 692 3068 ὡσὰν
717 2999 900 3087 ὑπηρέτιδες
924 3007 1050 3085 ταχεῖαι
1074 2992 1177 3069 οόσαι.
1202 3038 1247 3046 —-
1271 3000 1406 3066 Perrara

235 3112 351 3180 deinde
366 3113 447 3180 fiunt
461 3112 581 3180 scholia
596 3134 702 3200 neque
717 3113 781 3179 ulla
797 3111 858 3179 alia
874 3111 993 3194 notavi,
1005 3121 1125 3198 praeter
1135 3114 1215 3179 hoc:
1233 3117 1310 3202 τέλη
1320 3116 1406 3203 παρὰ

235 3231 490 3317 Λακεδαιμονίοις
513 3230 678 3297 ἐκαλοῦντο
701 3233 730 3297 οἳ
746 3227 822 3301 xua’
838 3232 959 3297 ἕκαστα
975 3236 1035 3296 τῶν
1050 3230 1267 3316 πραττομένων
1284 3227 1407 3318 ἀνακρί-

147 3392 154 3399 -
233 3369 336 3422 νοντες
348 3345 403 3411 καὶ
417 3345 635 3433 δοκιμάζοντες
650 3343 711 3423 τὰς
726 3344 852 3433 ψηρονς
868 3345 993 3433 ἐπῆγον.

278 3454 428 3523 Codicern
443 3457 465 3523 V
482 3455 605 3542 primus
620 3457 904 3523 commendaverat
918 3455 1058 3524 Cobotes
1073 3454 1105 3521 in
1123 3455 1277 3524 Oratione
1287 3457 1326 3523 de
1337 3465 1406 3524 arte

234 3570 478 3658 interpretandi,
495 3590 525 3656 p.
538 3569 581 3639 68
596 3591 642 3657 sq.
659 3569 836 3637 Marcianus
848 3580 896 3638 est
906 3581 939 3636 n⁰
950 3570 1027 3653 368,
1040 3570 1148 3637 saeculi
1159 3570 1264 3658 quarti
1275 3571 1403 3655 decimi,

233 3705 428 3771 quamquam
443 3683 544 3772 quinti
555 3685 671 3752 decimi
688 3706 761 3752 curn
779 3708 848 3753 esse
859 3685 891 3751 in
902 3686 1049 3772 catalogo
1061 3686 1243 3753 Zanettiano
1256 3695 1313 3753 est.
1330 3685 1405 3752 llin-

232 3799 354 3867 dorsrus
374 3800 414 3866 ab
436 3790 576 3888 losepho
598 3801 809 3885 Valentinelli,
833 3810 868 3868 ut
889 3801 1035 3889 apposita
1057 3800 1090 3866 in
1112 3800 1182 3888 ipso
1204 3801 1315 3868 codiee
1329 3811 1404 3867 nota

232 3923 378 3998 testatur,
401 3935 571 3982 excussum
589 3914 711 3983 habuit.
733 3916 802 4002 Ego
818 3916 896 3982 dunt
916 3916 1005 3983 locos
1021 3914 1157 4002 inspicio
1171 3915 1195 3998 Ι,
1213 3915 1243 3996 l,
1261 3914 1350 3983 l-l8.
1371 3915 1402 3998 7,

230 4025 346 4097 {id-35.
366 4028 417 4111 ΙΙΙ,
441 4049 510 4116 cap.
534 4028 564 4098 3.
583 4028 619 4111 V,
641 4030 673 4111 Ι,
694 4028 787 4112 iti,
804 4030 958 4097 nonnulla
971 4028 1078 4096 inveni
1099 4029 1184 4117 apud
1203 4028 1402 4097 Dindorsrum

231 4143 336 4212 minus
352 4143 524 4232 diligenter
539 4143 710 4232 descripta.

274 4284 294 4329 e
309 4270 341 4327 et
355 4260 386 4329 ν’
402 4259 480 4327 item
495 4258 646 4329 Marciani
662 4271 747 4344 sunt,
763 4260 845 4327 alter
858 4270 892 4326 n⁰
908 4259 985 4343 365,
1003 4262 1084 4328 alter
1098 4279 1131 4329 n⁰
1146 4261 1223 4331 364.
1236 4260 1295 4341 Oui
1309 4260 1402 4327 nobis

232 4392 445 4406 ——ss

264 4448 294 4516 (¹)
308 4451 342 4502 be
356 4463 444 4515 quare
457 4464 513 4502 cunr
527 4451 587 4502 mihi
601 4453 687 4514 postea
700 4450 819 4500 dubitatio
832 4452 886 4500 orta
900 4450 975 4517 esset,
991 4450 1065 4501 illene
1078 4452 1187 4501 errasset
1200 4462 1230 4500 an
1246 4461 1298 4513 ego,
1313 4449 1402 4511 scripsi

228 4540 259 4590 ad
277 4540 419 4602 praetectum
441 4539 597 4591 Bibliotheca
616 4540 786 4591 laurentiana
808 4541 937 4598 lazicam
958 4538 1000 4602 qui
1019 4538 1109 4589 litteris
1126 4537 1304 4590 humanissime
1319 4538 1350 4588 ad
1363 4550 1403 4588 me

229 4627 293 4680 datis
306 4627 456 4681 bindortium
470 4642 567 4680 errasse
582 4628 641 4680 mihi
656 4627 815 4679 confirmavit.
