3382 5482
918 465 950 506 Vl
997 479 1041 489 -

349 586 414 658 nisi
453 586 627 682 epitomen
655 582 697 655 ab
724 583 867 655 homine
899 581 1039 655 indocto
1067 579 1335 676 neglegentique
1358 590 1515 676 tempore

348 726 430 798 sotis
454 723 585 797 recenti
610 724 818 797 conlectam.
841 724 885 795 Et
898 724 960 795 has
980 722 1121 819 quidem
1140 722 1348 818 quaestiones
1368 731 1514 795 tractore

348 865 449 939 nobis
465 887 535 938 non
555 865 591 936 in
610 864 725 938 animo
742 886 835 937 nunc
854 874 925 954 est3
950 864 986 937 in
1011 888 1050 936 ea
1069 874 1185 936 tamen
1203 863 1422 958 inquiremus
1438 886 1514 958 quae

259 1095 266 1106 .
347 1007 414 1079 nisi
429 1006 614 1102 diligenter
629 1006 765 1102 cognita
780 1015 884 1079 eruut
898 1016 932 1079 ct
945 1017 1040 1079 recte
1055 1005 1253 1102 dijudicata,
1271 1028 1314 1077 ne
1329 1005 1372 1078 de
1389 1004 1512 1078 ceteris
1533 1096 1535 1100 ι

209 1214 212 1219 .
259 1227 263 1232 ,
347 1148 489 1243 quidem
509 1145 591 1221 satis
609 1157 743 1221 certum
760 1147 933 1244 judicium
949 1134 1024 1221 esse
1039 1148 1175 1244 poterit.

396 1297 600 1381 Quaeremus
624 1296 730 1391 igitur
753 1297 928 1391 quomodo
947 1307 1059 1370 textus
1079 1296 1283 1370 Hellenioon
1302 1297 1512 1370 constituen-

346 1437 411 1511 dus
425 1438 488 1526 sit;
514 1447 588 1511 tum
607 1459 687 1511 vero
708 1436 810 1510 etiam
826 1447 997 1533 quatenus
1015 1437 1238 1510 librariorum
1258 1437 1420 1510 manibus
1437 1460 1512 1511 cor-

346 1590 469 1676 ruptus
497 1589 531 1652 et
558 1579 762 1676 depravatus
789 1602 865 1653 esse
893 1579 1060 1653 videatur.
1092 1580 1310 1675 Quamquam
1344 1580 1438 1653 enim
1469 1580 1511 1652 ad

345 1731 475 1796 textum
503 1722 786 1796 constituendum
815 1743 896 1796 cum
920 1720 977 1794 alii
1003 1720 1066 1793 viri
1091 1721 1195 1811 docti,
1220 1731 1295 1793 tum
1321 1721 1357 1793 in
1389 1721 1511 1818 primis

345 1865 489 1955 Gallius,
508 1865 547 1954 L.
567 1865 779 1952 Dindorfius
799 1864 963 1955 Cobetus‚
980 1865 1019 1937 G.
1041 1863 1214 1960 Sauppius
1228 1863 1420 1960 plurimum
1431 1887 1511 1938 con-

343 2009 510 2097 tulerunt,
529 2017 645 2080 tamen
665 2005 783 2080 critica
807 2030 883 2102 quae
906 2006 1034 2080 dieitur
1051 2006 1156 2089 editio
1175 1998 1332 2078 nondum
1354 2007 1511 2080 confecta

344 2158 405 2236 est,
432 2158 614 2244 propterea
638 2147 731 2243 quod
761 2133 960 2244 complures
983 2157 1065 2220 sunt
1085 2146 1223 2220 codices
1252 2145 1380 2242 quibus
1406 2169 1509 2220 nemo

342 2289 456 2362 adhuc
475 2311 559 2361 usus
575 2298 637 2377 est,
654 2286 746 2361 inter
764 2310 850 2382 quos
869 2285 1011 2382 quidem
1030 2286 1099 2359 duo
1118 2297 1199 2359 sunt
1215 2309 1302 2382 quos
1317 2287 1353 2359 in
1369 2287 1510 2383 optimis

327 2429 579 2516 'numerandos
599 2451 674 2501 esse
699 2451 848 2502 censeo:
869 2428 980 2501 codex
999 2427 1141 2524 quidam
1159 2428 1427 2502 Mediolanensis
1447 2429 1510 2524 (bi-

342 2569 524 2643 bliothecae
546 2566 795 2664 Ambrosianae)
818 2578 852 2641 et
873 2567 1052 2642 Parisinus
1073 2579 1110 2641 u⁰
1133 2569 1216 2642 317.
1242 2569 1313 2643 Hos
1337 2569 1444 2666 igitur
1470 2581 1509 2644 ut

271 2689 274 2696 ¹
339 2709 549 2806 inspicerem
577 2731 657 2782 cum
680 2707 766 2779 mihi
792 2707 1004 2803 contigisset,
1031 2731 1145 2805 operae
1160 2709 1311 2805 pretium
1324 2709 1436 2783 visum
1457 2723 1508 2784 est

338 2861 448 2925 totam
472 2851 515 2924 de
536 2851 742 2925 Hellenioon
765 2850 899 2925 ratione
919 2849 1039 2924 critica
1058 2850 1285 2946 quaestionem
1305 2850 1348 2925 de
1370 2851 1506 2946 integro

336 3001 496 3064 tractare.
511 2990 630 3086 ltaque
646 2990 883 3086 discrepantes
893 2990 1035 3087 quidem
1047 2990 1226 3081 lectiones,
1240 3015 1326 3087 quos
1337 3015 1356 3066 e
1368 2992 1506 3066 duobus

107 3129 110 3134 ’
237 3194 240 3199 «
337 3131 404 3204 illis
425 3131 604 3205 codicibus
620 3131 746 3222 notavi,
758 3131 848 3228 juris
864 3131 996 3228 publici
1014 3131 1082 3205 leci
1100 3132 1137 3204 in
1164 3142 1312 3208 delrio
1332 3132 1371 3228 (¹)
1398 3143 1506 3216 ἑλλη-
1606 3114 1607 3117 ¹

241 3287 243 3292 ·
337 3293 441 3356 arnse
467 3281 795 3371 ἀλληλογραφίας,
826 3273 920 3369 quod
934 3272 1079 3347 Athenis
1098 3284 1239 3370 sumptu
1257 3298 1410 3371 curaque
1430 3277 1506 3349 Gal-

336 3409 412 3486 lrcae
439 3413 566 3486 scholae
592 3413 706 3485 editur
732 3413 901 3510 [Bullctdc
928 3414 970 3485 de
997 3414 1289 3510 correrpnuduuce
1314 3415 1505 3513 laellduc'que

336 3553 465 3648 (Δελτίον
496 3563 639 3639 illinamus
671 3553 930 3654 ἀλληλογραφίας),
958 3555 988 3628 ll
1011 3555 1152 3653 (l878)‚
1177 3581 1214 3653 p.
1244 3557 1427 3648 l33·l50;
1458 3560 1502 3632 cl.

334 3719 367 3792 p.
396 3696 467 3771 3l7
483 3719 571 3792 sqq,
602 3697 673 3787 ubi,
699 3721 776 3793 quae
798 3698 1094 3794 typographorum
1118 3696 1200 3770 vitio
1219 3707 1277 3770 eut
1302 3697 1430 3772 omissa
1445 3712 1504 3771 aut

334 3860 436 3933 prave
459 3825 722 3934 scriplaerant,
757 3849 912 3913 correcta
937 3839 1051 3937 sunt];
1079 3838 1195 3912 addidi
1221 3840 1323 3913 etiam
1351 3842 1395 3938 (p.
1413 3842 1501 3915 150-

335 3976 420 4074 lot)
439 3977 617 4074 specimen
636 3979 811 4074 quoddam
834 3979 995 4054 editionis
1016 3980 1162 4069 criticae,
1185 3982 1277 4077 quod
1299 3983 1502 4058 Hellenioon

336 4131 438 4216 caput
464 4119 617 4216 primum
646 4142 726 4193 cum
756 4132 921 4218 apparatu
955 4122 1076 4196 critico
1107 4123 1363 4219 complectitur.
1390 4126 1502 4222 Hujus

335 4351 545 4359 Ἠ

373 4493 410 4570 (¹)
431 4492 507 4553 Illud
530 4515 552 4568 ι,
574 4493 652 4572 qood
671 4492 756 4569 vulgo
777 4491 1108 4573 suscribitur,·oltiquc‚
1127 4502 1260 4556 veterum
1282 4516 1336 4558 usu
1352 4506 1498 4575 revocato,

332 4595 527 4673 ascribemus,
548 4597 588 4658 itu
609 4604 708 4658 tamen
727 4603 759 4657 ut
782 4596 812 4657 in
828 4614 863 4657 eo
883 4598 1013 4659 notando
1029 4606 1197 4661 constanter
1212 4602 1377 4663 minoribus
1393 4603 1500 4665 litteris

333 4710 458 4763 utamur.
