3382 5482
815 382 1156 463 -58-'

399 538 423 622 l,
439 538 472 622 1,
512 538 533 604 1
557 539 724 629 ἀρχομένου
741 539 775 608 δὲ
788 546 843 609 τοῦ
859 541 947 628 ἔαρος
964 536 1066 626 (107),
1137 611 1140 615 ,

485 654 528 722 11
553 655 636 723 redit
624 665 674 722 tus
689 653 870 738 Alcibiadis,

436 770 523 854 6,l
552 779 603 843 τῶ
624 769 684 838 δ’
669 771 787 839 επιόντι
801 771 865 838 ἔτει
883 766 986 854 (106),

385 881 533 965 11,1,10
692 920 736 929 -
886 880 988 969 (1115),

434 995 467 1080 3,
506 996 523 1063 1
689 1035 732 1044 -
881 994 1078 1084 (1111),·

505 1109 525 1179 9
549 1120 754 1194 τελευτῶντος
768 1119 822 1181 τοῦ
836 1114 946 1200 δέρους
962 1110 1050 1198 (anni
1062 1111 1160 1198 101),

218 1310 222 1320 Ι
342 1246 413 1313 quae
433 1245 507 1294 cum
522 1224 568 1293 eis
583 1246 654 1312 quae
673 1224 706 1291 in
723 1233 873 1292 contextu
888 1226 1109 1314 Xenophontis
1123 1227 1275 1314 leguntur
1292 1227 1424 1296 minime
1440 1249 1516 1298 eon·

342 1339 493 1407 sentiunt.

387 1456 451 1524 Sed
474 1455 569 1523 etiam
591 1456 660 1522 haec
683 1454 966 1523 animadvertenda
990 1466 1089 1524 sunt:
1114 1458 1255 1545 primum
1271 1468 1343 1525 ante
1359 1457 1514 1524 Timaeum

341 1571 503 1640 neminem
522 1570 624 1639 videri
639 1570 879 1660 Olympiadibus
894 1572 934 1639 ad
949 1572 1179 1660 computandos
1194 1592 1294 1639 annos
1310 1593 1379 1640 esse
1397 1592 1492 1638 usum
1505 1595 1514 1653 ;

285 1744 288 1750 .
342 1687 450 1757 scribit
467 1688 553 1756 enim
571 1689 611 1755 de
625 1687 744 1754 'l'imaeo
761 1685 922 1775 PolybiuS,
938 1687 1003 1770 Xll‚
1021 1686 1075 1771 11,
1092 1687 1109 1753 1
1125 1709 1133 1753 t
1150 1687 1165 1758 ό
1183 1689 1243 1777 γὰρ
1259 1688 1322 1769 τὰς
1336 1691 1516 1778 συγκρίσεις

341 1807 521 1894 ποιεόμενος
543 1803 699 1874 ἀνέκαὲιεν
720 1810 781 1871 τῶν
801 1802 916 1891 ἐφόρων
934 1803 1012 1891 πρός
1028 1803 1103 1883 τοός
1124 1809 1264 1887 βασιλεῖς
1279 1802 1353 1883 τοὺς
1369 1804 1399 1872 ἐν
1416 1809 1518 1872 Λακε-

342 1921 476 2007 δαίμονι,
499 1921 554 1987 καὶ
576 1917 653 1998 τεός
674 1917 828 2005 ἄρχοντας
846 1917 921 1998 τοός
937 1919 1095 2008 'Additum
1118 1919 1174 1986 καὶ
1193 1917 1255 1998 τὰς
1274 1920 1389 2007 ἱερείας
1408 1918 1470 1999 τοὶς
1485 1920 1516 1986 έν

337 2033 448 2121 Ἄργει
462 2033 669 2120 παραβάλλων
684 2031 761 2120 πρός
775 2031 850 2112 τοός
860 2033 1116 2120 Ὀλυμπιονίκας,
1134 2035 1189 2102 καὶ
1204 2032 1266 2113 τοὶς
1281 2032 1441 2122 ἁμαρτίας
1455 2041 1516 2102 τῶν

343 2149 463 2215 πόλεων
486 2148 556 2235 περὶ
573 2146 636 2227 τὰς
655 2145 840 2235 ἀναγραφὰς
858 2146 921 2227 τὰς
940 2147 1058 2216 τοότων
1078 2149 1245 2235 ἐξελέγχων
1265 2147 1351 2236 παρὰ
1371 2149 1517 2236 τρίμηνον

321 2262 476 2346 ,ἐχοίσας
499 2261 535 2331 τό
561 2264 703 2350 διαφέρον
726 2253 821 2342 οὗτός
842 2263 927 2349 ἐστι;
950 2260 983 2327 in
1004 2260 1130 2328 duobus
1152 2276 1230 2328 vero
1246 2260 1324 2328 locis
1339 2259 1516 2348 Thucydidi

341 2374 391 2459 lll,
408 2375 439 2442 8.
457 2377 492 2459 V,
508 2374 564 2459 19,
580 2374 636 2442 ubi
652 2373 845 2464 Olympiadis
864 2374 983 2442 mentio
1002 2375 1050 2459 fit,
1072 2397 1110 2443 ea
1124 2397 1191 2443 non
1204 2376 1245 2443 ad
1259 2375 1414 2463 temporis
1429 2385 1518 2442 nota-

341 2488 462 2556 tionem
478 2500 693 2573 memoratur;
716 2489 889 2558 -deinde
905 2488 1024 2558 inloco
1040 2490 1262 2579 Xenophontis
1282 2491 1306 2573 l,
1324 2489 1357 2573 1,
1380 2489 1396 2556 1
1417 2488 1517 2556 verba

340 2599 373 2694 ἧι
401 2611 679 2693 προστεὲνεῖσα
709 2608 833 2695 ξυνωρὶς
856 2607 943 2674 ἐνίκα
964 2605 1124 2695 Εὐαγόρου
1141 2606 1287 2694 Ἠλείου,
1312 2625 1384 2693 quae
1398 2626 1458 2693 per
1481 2625 1515 2672 se

341 2716 410 2804 ipsa
428 2717 479 2785 rix
493 2718 635 2806 intellegi
650 2728 794 2807 possunt,
811 2718 979 2786 manifesto
995 2719 1145 2787 additicia
1160 2740 1231 2787 esse
1247 2728 1278 2786 et
1294 2739 1331 2786 ex
1346 2720 1418 2786 loco
1434 2719 1516 2787 Pau-

343 2831 438 2899 saniae
461 2835 495 2916 V,
519 2832 549 2918 8,
574 2832 616 2901 10
637 2834 723 2902 illata
748 2859 755 2903 :
781 2837 893 2925 δρόμος
914 2836 948 2905 δὲ
964 2837 1017 2905 tto
1035 2839 1132 2905 ἵππων
1149 2838 1274 2906 τελείων
1288 2837 1414 2923 συνωρὶς
1438 2843 1514 2924 κλη-

341 2954 437 3020 {retra
452 2951 552 3038 τρίτηι
575 2950 630 3038 μὲν
641 2949 836 3039 Ὀλυμπιάδι
851 2951 949 3039 ἐτέθη
963 2950 1040 3039 πρός
1051 2956 1124 3030 ταῖς
1138 2951 1330 3041 ἐνενήκοντα,
1348 2949 1518 3038 Εὐαγόρας

341 3064 375 3132 δὲ
389 3064 527 3153 ἐνίκησεν
542 3063 690 3150 Ἠλεῖος;
706 3101 750 3111 -
765 3071 832 3129 tum
849 3061 945 3130 etiam
959 3064 1216 3151 Xenophontem,
1233 3071 1269 3129 ut
1283 3061 1513 3152 Thucydidem,

239 3229 241 3233 .
341 3177 375 3244 in
390 3186 571 3266 temporum
586 3177 798 3266 descriptione
813 3179 993 3246 naturalem
1008 3188 1153 3246 secutum
1170 3175 1241 3247 esse
1256 3198 1388 3261 annum,
1404 3176 1436 3245 id
1454 3189 1515 3262 est,

342 3314 417 3364 eum
435 3292 490 3381 qui
510 3315 528 3360 a
548 3314 625 3360 vere
644 3292 817 3382 inciperet3
838 3294 923 3360 hunc
943 3301 1052 3361 autem
1073 3314 1179 3381 neque
1202 3313 1276 3360 eum
1291 3291 1516 3381 Olympiadum

340 3407 433 3476 aunis
458 3428 638 3494 congruere
666 3429 772 3496 neque
796 3429 869 3475 curn
894 3429 979 3476 anno
1004 3407 1088 3476 civili
1113 3419 1169 3476 aut
1193 3407 1436 3477 Atheniensium
1460 3418 1516 3476 aut

341 3520 672 3589 Lacedaemoniorum.

386 3637 432 3704 lta
442 3657 554 3704 omnes
569 3636 632 3704 illae
642 3656 715 3704 cum
727 3636 960 3727 Olympiadum,
973 3648 1041 3707 tum
1050 3639 1241 3707 archontum
1253 3639 1515 3728 ephororumque

341 3751 523 3821 notationes
540 3751 700 3820 additiciae
717 3751 877 3822 videntur.
895 3752 1059 3822 Additiciae
1078 3774 1157 3822 vero
1176 3752 1273 3821 etiam
1293 3773 1454 3820 annorum
1474 3754 1514 3820 ab

337 3867 429 3935 initio
452 3867 528 3935 belli
548 3867 809 3951 numerationes3
827 3878 860 3936 et
872 3869 941 3938 haee
957 3868 1088 3957 quidem
1103 3868 1292 3939 recentioris
1308 3867 1409 3936 aetatis
1424 3868 1515 3936 addi-

337 3994 478 4051 tamenta
496 3994 580 4067 sunt,
599 3983 716 4072 quippe
733 4004 804 4072 quae
819 4005 893 4052 eum
908 3983 970 4052 illis
985 3983 1201 4052 notationibus
1216 4003 1283 4050 non
1295 3983 1497 4051 consentiant
1505 4007 1515 4068 ;

339 4098 427 4184 quod
442 4119 519 4165 vero
530 4100 602 4166 loco
614 4098 667 4187 qni
679 4110 726 4167 est
735 4100 772 4182 ll,
785 4098 818 4183 3,
830 4098 850 4168 9
861 4099 983 4167 bellum
992 4098 1090 4167 fuisse
1101 4097 1218 4166 dieitur
1227 4118 1388 4166 annorum
1401 4095 1444 4165 18
1459 4102 1514 4183 “Ι,,

278 4265 280 4269 .
339 4210 366 4279 is
382 4233 474 4280 error
491 4212 625 4280 dubium
639 4235 703 4280 non
719 4225 766 4281 est
781 4214 859 4302 quin
872 4213 947 4281 inde
964 4223 1054 4281 ortus
1065 4212 1104 4281 sit
1115 4213 1202 4300 quod
1212 4234 1271 4299 per
1281 4221 1384 4279 totum
1394 4212 1516 4279 bellum

340 4327 454 4415 ephori
469 4338 717 4396 numerarentur
732 4328 792 4398 19;
810 4350 895 4412 nam,
914 4349 988 4396 curn
998 4329 1118 4395 bellum
1132 4348 1207 4395 vere
1220 4326 1295 4394 anni
1305 4325 1367 4394 131
1381 4325 1517 4414 incepis-

342 4452 401 4525 set,
425 4463 526 4510 annus
548 4454 656 4512 autem
676 4444 994 4512 Lacedaemoniorum
1014 4442 1113 4510 civilis
1127 4442 1167 4510 ab
1183 4440 1300 4511 aestatis
1320 4440 1514 4530 aequinoctio

342 4555 468 4624 initium
491 4569 630 4648 caperet,
655 4569 905 4627 consentaneum
927 4567 996 4626 erat
1017 4557 1090 4625 anni
1109 4557 1176 4626 1111
1196 4567 1352 4628 autumno
1372 4555 1517 4625 undetri-

344 4670 498 4739 cesimum
513 4672 552 4739 ab
568 4672 656 4742 initio
673 4673 748 4742 belli
764 4675 923 4762 ephorum
939 4673 1161 4763 magistratum
1177 4672 1285 4742 inisse.
