3382 5482
902 578 918 615 b

558 940 1021 1060 PRAEFATIO

254 1716 448 1813 Xenophon
469 1739 549 1790 cum
569 1717 831 1814 antiquissimus
846 1718 892 1792 sit
906 1728 1028 1794 auctor
1047 1742 1066 1791 a
1084 1741 1153 1814 quo
1169 1740 1376 1813 rerumquae

206 1858 242 1930 in
266 1858 398 1932 Graecia
420 1882 439 1931 a
465 1860 535 1932 fine
558 1858 772 1956 Thucydidei
798 1860 912 1957 operis
932 1883 1043 1956 usque
1061 1859 1105 1933 ad
1122 1858 1376 1956 Epaminondae

206 2007 354 2073 mortem
374 2008 478 2094 gestae
500 1998 569 2072 sint
584 1999 736 2094 cognitio
756 2000 826 2097 peti
846 2000 980 2090 debeat,
1002 1999 1095 2073 haud
1115 2000 1245 2073 mirum
1266 2009 1318 2075 est
1339 1999 1376 2073 in

109 2212 114 2219 .
206 2142 281 2237 ejus
295 2141 438 2215 historia
457 2142 576 2216 Graeca
590 2141 631 2239 (¹)
647 2143 907 2217 commentariis
923 2141 1127 2216 illustranda
1144 2143 1235 2216 viros
1254 2142 1376 2217 doctos

207 2282 397 2378 plurimum
412 2305 528 2378 operae
541 2283 713 2380 posuisse.

253 2423 297 2495 Et
311 2423 388 2496 duae
405 2447 461 2498 res
476 2434 559 2498 sunt
576 2425 612 2497 in
632 2425 755 2522 primis
770 2426 814 2499 de
829 2425 956 2521 quihus
972 2425 1123 2499 multum
1138 2425 1174 2499 in
1189 2436 1382 2521 utramque>

204 2573 338 2660 partem
353 2563 567 2662 disputatum
585 2575 636 2638 est
657 2591 665 2636 :
692 2588 785 2656 nam,
810 2587 891 2638 cum
910 2566 1095 2662 quaesitum
1113 2575 1166 2640 est
1188 2589 1266 2662 quae
1284 2576 1375 2641 esset

204 2705 426 2802 Xenophonti
450 2705 537 2780 fides
562 2705 777 2793 adhibenda;
810 2751 859 2761 —
891 2709 1019 2805 quippe
1043 2708 1103 2803 qui
1128 2708 1232 2782 nimis
1254 2718 1375 2785 λακωνι-

203 2859 271 2930 στὴς
296 2847 403 2920 luisse
424 2847 643 2943 nimiumque
666 2858 700 2922 et
723 2847 874 2944 Agesilai
897 2848 1119 2923 admirationi
1146 2860 1181 2923 et
1205 2849 1375 2925 obtrecta-

205 2989 290 3062 tioni
309 2989 560 3086 Epaminondae
577 2989 765 3064 indulsisse
780 2990 971 3080 videretur3
994 3002 1131 3064 -tum
1149 2990 1264 3081 etiam,
1281 2992 1374 3087 quod

205 3130 312 3203 multa
330 3129 366 3201 in
386 3129 574 3204 Hellenicis
592 3140 708 3205 essent
725 3129 761 3202 in
780 3129 908 3226 quibus
923 3130 1032 3204 lector
1047 3130 1250 3221 offenderet,
1266 3133 1374 3206 multa

204 3291 283 3343 vero
299 3292 376 3365 quae
393 3270 482 3366 apud
502 3271 694 3344 Diodorum
710 3280 769 3342 aut
788 3269 882 3366 apud
901 3270 1129 3344 Plutarchum
1144 3293 1288 3368 prorsus
1307 3271 1374 3346 alio

204 3410 308 3485 modo
323 3421 561 3502 narrarentur,
580 3411 732 3508 suspicio
748 3421 823 3484 orta
845 3420 898 3484 est
916 3433 1002 3484 num
1021 3434 1099 3485 vere
1122 3410 1375 3508 Xenophonteo

205 3562 320 3627 essent
333 3552 510 3627 Hellenica
527 3575 565 3626 ea
584 3575 660 3648 quae
678 3552 715 3625 in
731 3552 892 3626 manibus
907 3552 1088 3626 hahemus
1099 3552 1257 3626 Fuerunt
1269 3552 1375 3647 igitur

205 3693 262 3788 qui
287 3692 416 3767 librum
439 3693 554 3791 ipsum
584 3693 825 3789 Xenophontis
854 3693 1072 3768 intercidisse
1101 3693 1371 3784 arbitrarentur;

204 3835 278 3908 haec
296 3856 376 3907 vero
392 3834 581 3925 Hellenica,
597 3857 674 3930 quae
690 3834 732 3907 ad
748 3856 811 3907 nos
826 3844 1071 3931 pervenerunt,
1088 3833 1173 3907 nihil
1190 3833 1373 3906 aliudesse

242 4172 272 4252 (¹)
297 4173 390 4250 lianc,
414 4174 577 4234 secundum
600 4170 729 4253 optimos
752 4171 881 4248 codices,
903 4171 1068 4252 Xenophon
1088 4168 1241 4251 inscripsit
1263 4160 1375 4233 ἐλλο-

201 4289 294 4355 υικά;
316 4282 345 4343 ἰυ
364 4281 563 4343 deterioribus
579 4281 719 4362 inscripta
736 4288 781 4342 est
800 4272 969 4346 ἐλληοικὴ
989 4286 1126 4361 ἱστορία
1144 4278 1221 4355 (sive
1247 4284 1375 4357 ἱστορία

200 4379 287 4467 llll.)
318 4396 369 4451 aul
394 4381 581 4456 Xl'lnrrxoei
607 4395 759 4470 ἱστορίαι
790 4389 866 4468 (Sive
897 4395 1048 4470 ἱστορίαι
1073 4379 1176 4466 dih),
1205 4386 1235 4447 in
1258 4385 1374 4447 duobus

200 4517 269 4559 vero
285 4499 373 4560 eliam
395 4503 670 4579 παραλειπόμουοι
697 4491 911 4572 filla-arada,
933 4498 1140 4558 Θουκυδίδου
1162 4499 1374 4576 παραλειπό-

199 4632 278 4688 μουα
301 4596 486 4676 [illustrat
506 4613 688 4687 ἱστορίαςὶ
713 4608 750 4669 de
772 4626 828 4687 qua
851 4627 883 4669 re
904 4607 1003 4668 Videas
1031 4612 1169 4666 Δολτίου
1194 4609 1373 4673 illucendo

199 4721 488 4798 οἱλληλογραφίοις,
513 4717 601 4794 18Ἱ8,
620 4737 649 4798 p.
667 4716 734 4778 1ῧῖΙ
