<?xml version="1.0" encoding="UTF-8"?>
<!DOCTYPE html PUBLIC "-//W3C//DTD XHTML 1.0 Transitional//EN"
    "http://www.w3.org/TR/xhtml1/DTD/xhtml1-transitional.dtd">
<html xmlns="http://www.w3.org/1999/xhtml" xml:lang="en" lang="en">
 <head>
  <title>
</title>
<meta http-equiv="Content-Type" content="text/html;charset=utf-8" />
  <meta name='ocr-system' content='tesseract 3.04.00' />
  <meta name='ocr-capabilities' content='ocr_page ocr_carea ocr_par ocr_line ocrx_word'/>
</head>
<body>
  <div class='ocr_page' id='page_1' title='image "./quareicriticaet00riemgoog_0068.png"; bbox 0 0 3382 5482; ppageno 0'>
   <div class='ocr_carea' id='block_1_1' title="bbox 474 1141 1216 1251">
    <p class='ocr_par' dir='ltr' id='par_1_1' title="bbox 474 1141 1216 1251">
     <span class='ocr_line' id='line_1_1' title="bbox 474 1141 1216 1251; baseline 0.001 -18"><span class='ocrx_word' id='word_1_1' title='bbox 474 1156 745 1234; x_wconf 74' lang='lat' dir='ltr'>CAPUT</span> <span class='ocrx_word' id='word_1_2' title='bbox 807 1141 1216 1251; x_wconf 72' lang='lat' dir='ltr'><strong>QUARTUM</strong></span> 
     </span>
    </p>
   </div>
   <div class='ocr_carea' id='block_1_2' title="bbox 261 1517 1434 1716">
    <p class='ocr_par' dir='ltr' id='par_1_2' title="bbox 261 1517 1434 1716">
     <span class='ocr_line' id='line_1_2' title="bbox 261 1517 1434 1586; baseline -0.005 -1"><span class='ocrx_word' id='word_1_3' title='bbox 261 1520 476 1586; x_wconf 78' lang='lat' dir='ltr'><strong>Quatenus</strong></span> <span class='ocrx_word' id='word_1_4' title='bbox 502 1524 647 1585; x_wconf 83' lang='lat' dir='ltr'>textus</span> <span class='ocrx_word' id='word_1_5' title='bbox 675 1520 918 1585; x_wconf 80' lang='lat' dir='ltr'>Hellenicon</span> <span class='ocrx_word' id='word_1_6' title='bbox 946 1519 1218 1584; x_wconf 81' lang='lat' dir='ltr'><strong>librariorum</strong></span> <span class='ocrx_word' id='word_1_7' title='bbox 1239 1517 1434 1581; x_wconf 84' lang='lat' dir='ltr'>manibus</span> 
     </span>
     <span class='ocr_line' id='line_1_3' title="bbox 433 1634 1258 1716; baseline -0.004 -17"><span class='ocrx_word' id='word_1_8' title='bbox 433 1636 690 1716; x_wconf 82' lang='lat' dir='ltr'>depravatus</span> <span class='ocrx_word' id='word_1_9' title='bbox 722 1639 848 1714; x_wconf 84' lang='lat' dir='ltr'>atque</span> <span class='ocrx_word' id='word_1_10' title='bbox 879 1635 1159 1714; x_wconf 83' lang='lat' dir='ltr'>interpolatus</span> <span class='ocrx_word' id='word_1_11' title='bbox 1191 1634 1258 1697; x_wconf 82' lang='lat' dir='ltr'>sit.</span> 
     </span>
    </p>
   </div>
   <div class='ocr_carea' id='block_1_3' title="bbox 258 1955 1509 4811">
    <p class='ocr_par' dir='ltr' id='par_1_3' title="bbox 259 1955 1509 2391">
     <span class='ocr_line' id='line_1_4' title="bbox 303 1955 1430 2045; baseline -0.007 -18"><span class='ocrx_word' id='word_1_12' title='bbox 303 1958 389 2045; x_wconf 77' lang='lat' dir='ltr'>ste.</span> <span class='ocrx_word' id='word_1_13' title='bbox 408 1998 453 2007; x_wconf 90' lang='lat'>—</span> <span class='ocrx_word' id='word_1_14' title='bbox 466 1958 609 2027; x_wconf 82' lang='lat' dir='ltr'>Tertium</span> <span class='ocrx_word' id='word_1_15' title='bbox 624 1958 756 2028; x_wconf 81' lang='lat' dir='ltr'><strong>editoris</strong></span> <span class='ocrx_word' id='word_1_16' title='bbox 772 1957 915 2026; x_wconf 88' lang='lat' dir='ltr'>officium</span> <span class='ocrx_word' id='word_1_17' title='bbox 930 1979 999 2026; x_wconf 91' lang='lat' dir='ltr'>esse</span> <span class='ocrx_word' id='word_1_18' title='bbox 1016 1957 1153 2025; x_wconf 82' lang='lat' dir='ltr'>diximus</span> <span class='ocrx_word' id='word_1_19' title='bbox 1169 1965 1216 2039; x_wconf 90' lang='lat' dir='ltr'>ut,</span> <span class='ocrx_word' id='word_1_20' title='bbox 1229 1955 1285 2022; x_wconf 90' lang='lat' dir='ltr'>ubi</span> <span class='ocrx_word' id='word_1_21' title='bbox 1298 1964 1430 2036; x_wconf 79' lang='lat' dir='ltr'>textum,</span> 
     </span>
     <span class='ocr_line' id='line_1_5' title="bbox 260 2071 1509 2163; baseline -0.005 -21"><span class='ocrx_word' id='word_1_22' title='bbox 260 2075 388 2163; x_wconf 78' lang='lat' dir='ltr'>qualem</span> <span class='ocrx_word' id='word_1_23' title='bbox 407 2074 441 2141; x_wconf 91' lang='lat' dir='ltr'>iu</span> <span class='ocrx_word' id='word_1_24' title='bbox 459 2075 632 2163; x_wconf 83' lang='lat' dir='ltr'>archetypo</span> <span class='ocrx_word' id='word_1_25' title='bbox 652 2075 750 2142; x_wconf 88' lang='lat' dir='ltr'>luisse</span> <span class='ocrx_word' id='word_1_26' title='bbox 766 2074 938 2142; x_wconf 79' lang='lat' dir='ltr'>verisimile</span> <span class='ocrx_word' id='word_1_27' title='bbox 953 2083 1049 2157; x_wconf 87' lang='lat' dir='ltr'>esset,</span> <span class='ocrx_word' id='word_1_28' title='bbox 1063 2071 1291 2154; x_wconf 74' lang='lat' dir='ltr'>constituisset,</span> <span class='ocrx_word' id='word_1_29' title='bbox 1308 2091 1345 2138; x_wconf 90' lang='lat' dir='ltr'>ea</span> <span class='ocrx_word' id='word_1_30' title='bbox 1360 2090 1432 2157; x_wconf 80' lang='lat' dir='ltr'>quae</span> <span class='ocrx_word' id='word_1_31' title='bbox 1507 2101 1509 2104; x_wconf 96' lang='lat'>·</span> 
     </span>
     <span class='ocr_line' id='line_1_6' title="bbox 259 2187 1432 2280; baseline -0.005 -24"><span class='ocrx_word' id='word_1_32' title='bbox 259 2189 376 2278; x_wconf 88' lang='lat' dir='ltr'>inipso</span> <span class='ocrx_word' id='word_1_33' title='bbox 391 2190 564 2280; x_wconf 86' lang='lat' dir='ltr'>archetypo</span> <span class='ocrx_word' id='word_1_34' title='bbox 579 2190 765 2258; x_wconf 86' lang='lat' dir='ltr'>viderentur</span> <span class='ocrx_word' id='word_1_35' title='bbox 784 2211 854 2258; x_wconf 88' lang='lat' dir='ltr'>esse</span> <span class='ocrx_word' id='word_1_36' title='bbox 869 2191 1041 2278; x_wconf 85' lang='lat' dir='ltr'>depravatu</span> <span class='ocrx_word' id='word_1_37' title='bbox 1054 2189 1093 2257; x_wconf 93' lang='lat' dir='ltr'>ad</span> <span class='ocrx_word' id='word_1_38' title='bbox 1110 2187 1277 2277; x_wconf 85' lang='lat' dir='ltr'>pristinam</span> <span class='ocrx_word' id='word_1_39' title='bbox 1294 2187 1432 2254; x_wconf 89' lang='lat' dir='ltr'>lormam</span> 
     </span>
     <span class='ocr_line' id='line_1_7' title="bbox 260 2306 836 2391; baseline -0.003 -20"><span class='ocrx_word' id='word_1_40' title='bbox 260 2314 291 2372; x_wconf 92' lang='lat' dir='ltr'>et</span> <span class='ocrx_word' id='word_1_41' title='bbox 303 2306 463 2391; x_wconf 87' lang='lat' dir='ltr'>integram</span> <span class='ocrx_word' id='word_1_42' title='bbox 480 2326 634 2373; x_wconf 86' lang='lat' dir='ltr'>revocare</span> <span class='ocrx_word' id='word_1_43' title='bbox 651 2314 836 2372; x_wconf 71' lang='lat' dir='ltr'><strong>conaretur.</strong></span> 
     </span>
    </p>

    <p class='ocr_par' dir='ltr' id='par_1_4' title="bbox 258 2418 1496 4354">
     <span class='ocr_line' id='line_1_8' title="bbox 284 2418 1457 2514; baseline -0.003 -28"><span class='ocrx_word' id='word_1_44' title='bbox 284 2420 337 2486; x_wconf 90' lang='lat' dir='ltr'>·ln</span> <span class='ocrx_word' id='word_1_45' title='bbox 353 2440 417 2507; x_wconf 88' lang='lat' dir='ltr'>quo</span> <span class='ocrx_word' id='word_1_46' title='bbox 432 2419 496 2487; x_wconf 91' lang='lat' dir='ltr'>duo</span> <span class='ocrx_word' id='word_1_47' title='bbox 512 2440 604 2508; x_wconf 85' lang='lat' dir='ltr'>aeque</span> <span class='ocrx_word' id='word_1_48' title='bbox 620 2420 760 2487; x_wconf 87' lang='lat' dir='ltr'>cavenda</span> <span class='ocrx_word' id='word_1_49' title='bbox 774 2429 847 2497; x_wconf 89' lang='lat' dir='ltr'>sunt</span> <span class='ocrx_word' id='word_1_50' title='bbox 863 2441 870 2486; x_wconf 93' lang='lat'><strong>:</strong></span> <span class='ocrx_word' id='word_1_51' title='bbox 889 2420 1027 2487; x_wconf 87' lang='lat' dir='ltr'>alterum</span> <span class='ocrx_word' id='word_1_52' title='bbox 1041 2429 1077 2486; x_wconf 91' lang='lat' dir='ltr'>ut</span> <span class='ocrx_word' id='word_1_53' title='bbox 1093 2440 1133 2486; x_wconf 91' lang='lat' dir='ltr'>ne</span> <span class='ocrx_word' id='word_1_54' title='bbox 1143 2418 1215 2507; x_wconf 88' lang='lat' dir='ltr'>quis</span> <span class='ocrx_word' id='word_1_55' title='bbox 1225 2418 1325 2485; x_wconf 91' lang='lat' dir='ltr'>libros</span> <span class='ocrx_word' id='word_1_56' title='bbox 1335 2437 1432 2484; x_wconf 91' lang='lat' dir='ltr'>manu</span> <span class='ocrx_word' id='word_1_57' title='bbox 1455 2510 1457 2514; x_wconf 10' lang='grc' dir='ltr'><em>Α</em></span> 
     </span>
     <span class='ocr_line' id='line_1_9' title="bbox 260 2533 1434 2623; baseline 0 -22"><span class='ocrx_word' id='word_1_58' title='bbox 260 2534 396 2622; x_wconf 89' lang='lat' dir='ltr'>scriptos</span> <span class='ocrx_word' id='word_1_59' title='bbox 408 2533 453 2601; x_wconf 91' lang='lat' dir='ltr'>ita</span> <span class='ocrx_word' id='word_1_60' title='bbox 466 2544 639 2602; x_wconf 77' lang='lat' dir='ltr'>veneretur</span> <span class='ocrx_word' id='word_1_61' title='bbox 653 2544 689 2602; x_wconf 92' lang='lat' dir='ltr'>ut</span> <span class='ocrx_word' id='word_1_62' title='bbox 703 2533 934 2602; x_wconf 84' lang='lat' dir='ltr'>absurdissima</span> <span class='ocrx_word' id='word_1_63' title='bbox 949 2555 1085 2623; x_wconf 68' lang='lat' dir='ltr'>quaeque</span> <span class='ocrx_word' id='word_1_64' title='bbox 1102 2534 1210 2623; x_wconf 91' lang='lat' dir='ltr'>potius</span> <span class='ocrx_word' id='word_1_65' title='bbox 1220 2544 1252 2602; x_wconf 92' lang='lat' dir='ltr'>et</span> <span class='ocrx_word' id='word_1_66' title='bbox 1263 2543 1391 2602; x_wconf 84' lang='lat' dir='ltr'>excuset</span> <span class='ocrx_word' id='word_1_67' title='bbox 1401 2543 1434 2601; x_wconf 91' lang='lat' dir='ltr'>et</span> 
     </span>
     <span class='ocr_line' id='line_1_10' title="bbox 259 2648 1432 2739; baseline 0 -24"><span class='ocrx_word' id='word_1_68' title='bbox 259 2648 400 2736; x_wconf 79' lang='lat' dir='ltr'>intellegi</span> <span class='ocrx_word' id='word_1_69' title='bbox 416 2672 510 2739; x_wconf 88' lang='lat' dir='ltr'>posse</span> <span class='ocrx_word' id='word_1_70' title='bbox 524 2650 696 2718; x_wconf 78' lang='lat' dir='ltr'>contendat</span> <span class='ocrx_word' id='word_1_71' title='bbox 711 2670 807 2738; x_wconf 90' lang='lat' dir='ltr'>quam</span> <span class='ocrx_word' id='word_1_72' title='bbox 818 2651 858 2718; x_wconf 92' lang='lat' dir='ltr'>de</span> <span class='ocrx_word' id='word_1_73' title='bbox 868 2650 1017 2718; x_wconf 90' lang='lat' dir='ltr'>codicum</span> <span class='ocrx_word' id='word_1_74' title='bbox 1028 2659 1115 2718; x_wconf 82' lang='lat' dir='ltr'>textu</span> <span class='ocrx_word' id='word_1_75' title='bbox 1127 2649 1267 2717; x_wconf 80' lang='lat' dir='ltr'>litteram</span> <span class='ocrx_word' id='word_1_76' title='bbox 1279 2658 1432 2715; x_wconf 86' lang='lat' dir='ltr'>mutatam</span> 
     </span>
     <span class='ocr_line' id='line_1_11' title="bbox 261 2764 1431 2853; baseline 0 -23"><span class='ocrx_word' id='word_1_77' title='bbox 261 2764 355 2848; x_wconf 82' lang='lat' dir='ltr'>relit;</span> <span class='ocrx_word' id='word_1_78' title='bbox 381 2766 518 2833; x_wconf 86' lang='lat' dir='ltr'>altemm</span> <span class='ocrx_word' id='word_1_79' title='bbox 539 2787 580 2833; x_wconf 91' lang='lat' dir='ltr'>nc</span> <span class='ocrx_word' id='word_1_80' title='bbox 602 2787 716 2834; x_wconf 91' lang='lat' dir='ltr'>eorum</span> <span class='ocrx_word' id='word_1_81' title='bbox 738 2765 952 2834; x_wconf 82' lang='lat' dir='ltr'>temeritatem</span> <span class='ocrx_word' id='word_1_82' title='bbox 975 2765 1130 2849; x_wconf 77' lang='lat' dir='ltr'>imitetur,</span> <span class='ocrx_word' id='word_1_83' title='bbox 1155 2786 1227 2853; x_wconf 79' lang='lat' dir='ltr'>qnae</span> <span class='ocrx_word' id='word_1_84' title='bbox 1248 2785 1335 2831; x_wconf 89' lang='lat' dir='ltr'>nunc</span> <span class='ocrx_word' id='word_1_85' title='bbox 1357 2785 1431 2830; x_wconf 94' lang='lat' dir='ltr'>cum</span> 
     </span>
     <span class='ocr_line' id='line_1_12' title="bbox 259 2880 1431 2970; baseline -0.004 -22"><span class='ocrx_word' id='word_1_86' title='bbox 259 2880 395 2948; x_wconf 80' lang='lat' dir='ltr'>maxime</span> <span class='ocrx_word' id='word_1_87' title='bbox 410 2880 598 2966; x_wconf 79' lang='lat' dir='ltr'>increbruit,</span> <span class='ocrx_word' id='word_1_88' title='bbox 616 2881 672 2970; x_wconf 89' lang='lat' dir='ltr'>qui</span> <span class='ocrx_word' id='word_1_89' title='bbox 687 2896 762 2948; x_wconf 90' lang='lat' dir='ltr'>cum</span> <span class='ocrx_word' id='word_1_90' title='bbox 776 2882 924 2970; x_wconf 86' lang='lat' dir='ltr'>antiquos</span> <span class='ocrx_word' id='word_1_91' title='bbox 938 2881 1017 2948; x_wconf 88' lang='lat' dir='ltr'>nihil</span> <span class='ocrx_word' id='word_1_92' title='bbox 1031 2900 1186 2968; x_wconf 86' lang='lat' dir='ltr'>umquam</span> <span class='ocrx_word' id='word_1_93' title='bbox 1196 2899 1431 2967; x_wconf 84' lang='lat' dir='ltr'>supervacuum</span> 
     </span>
     <span class='ocr_line' id='line_1_13' title="bbox 259 2994 1432 3085; baseline -0.003 -23"><span class='ocrx_word' id='word_1_94' title='bbox 259 2995 400 3063; x_wconf 89' lang='lat' dir='ltr'>scribere</span> <span class='ocrx_word' id='word_1_95' title='bbox 422 2997 564 3085; x_wconf 88' lang='lat' dir='ltr'>potuisse</span> <span class='ocrx_word' id='word_1_96' title='bbox 585 2998 729 3081; x_wconf 88' lang='lat' dir='ltr'>credant,</span> <span class='ocrx_word' id='word_1_97' title='bbox 751 2997 830 3064; x_wconf 88' lang='lat' dir='ltr'>nihil</span> <span class='ocrx_word' id='word_1_98' title='bbox 848 2998 1015 3084; x_wconf 88' lang='lat' dir='ltr'>languens,</span> <span class='ocrx_word' id='word_1_99' title='bbox 1035 2996 1116 3062; x_wconf 89' lang='lat' dir='ltr'>nihil</span> <span class='ocrx_word' id='word_1_100' title='bbox 1129 2995 1292 3083; x_wconf 86' lang='lat' dir='ltr'>inelegans</span> <span class='ocrx_word' id='word_1_101' title='bbox 1308 3003 1362 3060; x_wconf 94' lang='lat' dir='ltr'>aut</span> <span class='ocrx_word' id='word_1_102' title='bbox 1376 2994 1432 3060; x_wconf 89' lang='lat' dir='ltr'>lri-</span> 
     </span>
     <span class='ocr_line' id='line_1_14' title="bbox 259 3107 1430 3199; baseline -0.001 -22"><span class='ocrx_word' id='word_1_103' title='bbox 259 3109 382 3198; x_wconf 86' lang='lat' dir='ltr'>gidum,</span> <span class='ocrx_word' id='word_1_104' title='bbox 406 3111 483 3199; x_wconf 88' lang='lat' dir='ltr'>quid</span> <span class='ocrx_word' id='word_1_105' title='bbox 506 3133 583 3180; x_wconf 89' lang='lat' dir='ltr'>vero</span> <span class='ocrx_word' id='word_1_106' title='bbox 606 3111 729 3180; x_wconf 92' lang='lat' dir='ltr'>bonum</span> <span class='ocrx_word' id='word_1_107' title='bbox 750 3113 789 3181; x_wconf 92' lang='lat' dir='ltr'>sit</span> <span class='ocrx_word' id='word_1_108' title='bbox 809 3123 865 3181; x_wconf 92' lang='lat' dir='ltr'>aut</span> <span class='ocrx_word' id='word_1_109' title='bbox 880 3114 1000 3180; x_wconf 87' lang='lat' dir='ltr'>mulum</span> <span class='ocrx_word' id='word_1_110' title='bbox 1021 3107 1152 3199; x_wconf 77' lang='lat' dir='ltr'>ingenio</span> <span class='ocrx_word' id='word_1_111' title='bbox 1169 3131 1228 3179; x_wconf 88' lang='lat' dir='ltr'>suo</span> <span class='ocrx_word' id='word_1_112' title='bbox 1244 3110 1430 3191; x_wconf 83' lang='lat' dir='ltr'>metiantur,</span> 
     </span>
     <span class='ocr_line' id='line_1_15' title="bbox 259 3224 1432 3318; baseline -0.002 -25"><span class='ocrx_word' id='word_1_113' title='bbox 259 3247 469 3314; x_wconf 73' lang='lat' dir='ltr'>quaecumque</span> <span class='ocrx_word' id='word_1_114' title='bbox 490 3227 566 3316; x_wconf 88' lang='lat' dir='ltr'>ipsis</span> <span class='ocrx_word' id='word_1_115' title='bbox 587 3249 702 3317; x_wconf 85' lang='lat' dir='ltr'>parum</span> <span class='ocrx_word' id='word_1_116' title='bbox 722 3228 848 3318; x_wconf 91' lang='lat' dir='ltr'>placent</span> <span class='ocrx_word' id='word_1_117' title='bbox 867 3238 1002 3311; x_wconf 83' lang='lat' dir='ltr'>mutant,</span> <span class='ocrx_word' id='word_1_118' title='bbox 1023 3247 1233 3316; x_wconf 82' lang='lat' dir='ltr'>quaecumque</span> <span class='ocrx_word' id='word_1_119' title='bbox 1249 3224 1432 3291; x_wconf 88' lang='lat' dir='ltr'>redundare</span> 
     </span>
     <span class='ocr_line' id='line_1_16' title="bbox 260 3338 1434 3432; baseline -0.003 -24"><span class='ocrx_word' id='word_1_120' title='bbox 260 3351 371 3430; x_wconf 89' lang='lat' dir='ltr'>putant</span> <span class='ocrx_word' id='word_1_121' title='bbox 390 3344 509 3427; x_wconf 91' lang='lat' dir='ltr'>delent,</span> <span class='ocrx_word' id='word_1_122' title='bbox 532 3344 706 3432; x_wconf 75' lang='lat' dir='ltr'>scriptores</span> <span class='ocrx_word' id='word_1_123' title='bbox 726 3344 874 3432; x_wconf 89' lang='lat' dir='ltr'>antiquos</span> <span class='ocrx_word' id='word_1_124' title='bbox 891 3366 928 3411; x_wconf 89' lang='lat' dir='ltr'>ea</span> <span class='ocrx_word' id='word_1_125' title='bbox 945 3343 1061 3412; x_wconf 82' lang='lat' dir='ltr'>dixisse</span> <span class='ocrx_word' id='word_1_126' title='bbox 1076 3344 1187 3410; x_wconf 89' lang='lat' dir='ltr'>volunt</span> <span class='ocrx_word' id='word_1_127' title='bbox 1202 3362 1273 3429; x_wconf 87' lang='lat' dir='ltr'>quae</span> <span class='ocrx_word' id='word_1_128' title='bbox 1293 3338 1354 3429; x_wconf 86' lang='lat' dir='ltr'>ipsi</span> <span class='ocrx_word' id='word_1_129' title='bbox 1370 3339 1434 3406; x_wconf 79' lang='lat' dir='ltr'>die</span> 
     </span>
     <span class='ocr_line' id='line_1_17' title="bbox 259 3455 1432 3550; baseline -0.003 -26"><span class='ocrx_word' id='word_1_130' title='bbox 259 3457 324 3524; x_wconf 84' lang='lat' dir='ltr'>turi</span> <span class='ocrx_word' id='word_1_131' title='bbox 337 3457 481 3525; x_wconf 85' lang='lat' dir='ltr'>fuissent.</span> <span class='ocrx_word' id='word_1_132' title='bbox 504 3460 573 3544; x_wconf 90' lang='lat' dir='ltr'>Hoc</span> <span class='ocrx_word' id='word_1_133' title='bbox 593 3460 693 3547; x_wconf 87' lang='lat' dir='ltr'>igitur</span> <span class='ocrx_word' id='word_1_134' title='bbox 713 3481 843 3550; x_wconf 89' lang='lat' dir='ltr'>semper</span> <span class='ocrx_word' id='word_1_135' title='bbox 864 3461 1040 3529; x_wconf 88' lang='lat' dir='ltr'>tenendum</span> <span class='ocrx_word' id='word_1_136' title='bbox 1057 3470 1116 3542; x_wconf 89' lang='lat' dir='ltr'>est,</span> <span class='ocrx_word' id='word_1_137' title='bbox 1134 3479 1199 3526; x_wconf 92' lang='lat' dir='ltr'>non</span> <span class='ocrx_word' id='word_1_138' title='bbox 1219 3456 1295 3525; x_wconf 86' lang='lat' dir='ltr'>satis</span> <span class='ocrx_word' id='word_1_139' title='bbox 1318 3477 1388 3523; x_wconf 87' lang='lat' dir='ltr'>esse</span> <span class='ocrx_word' id='word_1_140' title='bbox 1407 3455 1432 3522; x_wconf 89' lang='lat' dir='ltr'>si</span> 
     </span>
     <span class='ocr_line' id='line_1_18' title="bbox 259 3571 1496 3663; baseline -0.002 -23"><span class='ocrx_word' id='word_1_141' title='bbox 259 3572 444 3661; x_wconf 87' lang='lat' dir='ltr'>conjectura</span> <span class='ocrx_word' id='word_1_142' title='bbox 457 3574 563 3662; x_wconf 74' lang='lat' dir='ltr'>aliqua</span> <span class='ocrx_word' id='word_1_143' title='bbox 574 3575 752 3663; x_wconf 86' lang='lat' dir='ltr'>probabilis</span> <span class='ocrx_word' id='word_1_144' title='bbox 769 3576 820 3660; x_wconf 81' lang='lat' dir='ltr'>sit,</span> <span class='ocrx_word' id='word_1_145' title='bbox 841 3576 874 3644; x_wconf 93' lang='lat' dir='ltr'>id</span> <span class='ocrx_word' id='word_1_146' title='bbox 887 3586 946 3660; x_wconf 85' lang='lat' dir='ltr'>est,</span> <span class='ocrx_word' id='word_1_147' title='bbox 961 3575 998 3658; x_wconf 84' lang='lat' dir='ltr'>si,</span> <span class='ocrx_word' id='word_1_148' title='bbox 1013 3574 1179 3663; x_wconf 89' lang='lat' dir='ltr'>quomodo</span> <span class='ocrx_word' id='word_1_149' title='bbox 1199 3594 1237 3640; x_wconf 86' lang='lat' dir='ltr'>ex</span> <span class='ocrx_word' id='word_1_150' title='bbox 1263 3571 1434 3639; x_wconf 88' lang='lat' dir='ltr'>emendata</span> <span class='ocrx_word' id='word_1_151' title='bbox 1493 3587 1496 3592; x_wconf 85' lang='lat'>·</span> 
     </span>
     <span class='ocr_line' id='line_1_19' title="bbox 258 3685 1434 3778; baseline -0.002 -25"><span class='ocrx_word' id='word_1_152' title='bbox 258 3687 395 3756; x_wconf 91' lang='lat' dir='ltr'>lectione</span> <span class='ocrx_word' id='word_1_153' title='bbox 415 3688 512 3757; x_wconf 92' lang='lat' dir='ltr'>lectio</span> <span class='ocrx_word' id='word_1_154' title='bbox 533 3700 687 3778; x_wconf 89' lang='lat' dir='ltr'>corrupta</span> <span class='ocrx_word' id='word_1_155' title='bbox 707 3701 779 3759; x_wconf 93' lang='lat' dir='ltr'>orta</span> <span class='ocrx_word' id='word_1_156' title='bbox 801 3690 1053 3772; x_wconf 71' lang='lat' dir='ltr'>emendemur,</span> <span class='ocrx_word' id='word_1_157' title='bbox 1076 3697 1244 3777; x_wconf 81' lang='lat' dir='ltr'>appareat,</span> <span class='ocrx_word' id='word_1_158' title='bbox 1273 3686 1329 3753; x_wconf 90' lang='lat' dir='ltr'>sed</span> <span class='ocrx_word' id='word_1_159' title='bbox 1355 3685 1434 3752; x_wconf 93' lang='lat' dir='ltr'>illud</span> 
     </span>
     <span class='ocr_line' id='line_1_20' title="bbox 259 3799 1433 3891; baseline -0.003 -23"><span class='ocrx_word' id='word_1_160' title='bbox 259 3802 403 3870; x_wconf 88' lang='lat' dir='ltr'>omnium</span> <span class='ocrx_word' id='word_1_161' title='bbox 426 3803 568 3891; x_wconf 89' lang='lat' dir='ltr'>primum</span> <span class='ocrx_word' id='word_1_162' title='bbox 592 3805 778 3887; x_wconf 89' lang='lat' dir='ltr'>videndum,</span> <span class='ocrx_word' id='word_1_163' title='bbox 803 3805 884 3872; x_wconf 80' lang='lat' dir='ltr'>sitne</span> <span class='ocrx_word' id='word_1_164' title='bbox 908 3804 1111 3872; x_wconf 84' lang='lat' dir='ltr'>correctione</span> <span class='ocrx_word' id='word_1_165' title='bbox 1132 3822 1238 3889; x_wconf 85' lang='lat' dir='ltr'>opus:</span> <span class='ocrx_word' id='word_1_166' title='bbox 1262 3799 1433 3888; x_wconf 88' lang='lat' dir='ltr'>quodtum</span> 
     </span>
     <span class='ocr_line' id='line_1_21' title="bbox 260 3917 1434 4008; baseline -0.003 -24"><span class='ocrx_word' id='word_1_167' title='bbox 260 3918 328 3986; x_wconf 88' lang='lat' dir='ltr'>lere</span> <span class='ocrx_word' id='word_1_168' title='bbox 342 3920 457 3987; x_wconf 90' lang='lat' dir='ltr'>accidit</span> <span class='ocrx_word' id='word_1_169' title='bbox 478 3921 637 4008; x_wconf 88' lang='lat' dir='ltr'>quotiens,</span> <span class='ocrx_word' id='word_1_170' title='bbox 655 3920 682 3987; x_wconf 87' lang='lat' dir='ltr'>si</span> <span class='ocrx_word' id='word_1_171' title='bbox 698 3942 734 3989; x_wconf 85' lang='lat' dir='ltr'>ea</span> <span class='ocrx_word' id='word_1_172' title='bbox 751 3942 823 4008; x_wconf 72' lang='lat' dir='ltr'>(pne</span> <span class='ocrx_word' id='word_1_173' title='bbox 837 3920 965 3988; x_wconf 86' lang='lat' dir='ltr'>codices</span> <span class='ocrx_word' id='word_1_174' title='bbox 980 3919 1117 3986; x_wconf 83' lang='lat' dir='ltr'>habeant</span> <span class='ocrx_word' id='word_1_175' title='bbox 1138 3917 1315 3984; x_wconf 90' lang='lat' dir='ltr'>secundnm</span> <span class='ocrx_word' id='word_1_176' title='bbox 1329 3935 1434 4006; x_wconf 84' lang='lat' dir='ltr'>gram·</span> 
     </span>
     <span class='ocr_line' id='line_1_22' title="bbox 259 4030 1433 4124; baseline -0.003 -25"><span class='ocrx_word' id='word_1_177' title='bbox 259 4033 383 4101; x_wconf 79' lang='lat' dir='ltr'>maticae</span> <span class='ocrx_word' id='word_1_178' title='bbox 403 4034 562 4103; x_wconf 83' lang='lat' dir='ltr'>rationem</span> <span class='ocrx_word' id='word_1_179' title='bbox 584 4035 812 4124; x_wconf 87' lang='lat' dir='ltr'>interpretatus</span> <span class='ocrx_word' id='word_1_180' title='bbox 832 4036 887 4118; x_wconf 85' lang='lat' dir='ltr'>sis,</span> <span class='ocrx_word' id='word_1_181' title='bbox 908 4045 963 4103; x_wconf 87' lang='lat' dir='ltr'>aut</span> <span class='ocrx_word' id='word_1_182' title='bbox 982 4034 1016 4101; x_wconf 91' lang='lat' dir='ltr'>in</span> <span class='ocrx_word' id='word_1_183' title='bbox 1037 4031 1194 4100; x_wconf 87' lang='lat' dir='ltr'>sententia</span> <span class='ocrx_word' id='word_1_184' title='bbox 1215 4030 1292 4119; x_wconf 90' lang='lat' dir='ltr'>quid</span> <span class='ocrx_word' id='word_1_185' title='bbox 1319 4049 1433 4117; x_wconf 83' lang='lat' dir='ltr'>parum</span> 
     </span>
     <span class='ocr_line' id='line_1_23' title="bbox 259 4147 1434 4234; baseline -0.003 -20"><span class='ocrx_word' id='word_1_186' title='bbox 259 4159 384 4217; x_wconf 90' lang='lat' dir='ltr'>rectum</span> <span class='ocrx_word' id='word_1_187' title='bbox 405 4161 528 4219; x_wconf 88' lang='lat' dir='ltr'>estant</span> <span class='ocrx_word' id='word_1_188' title='bbox 549 4151 583 4218; x_wconf 92' lang='lat' dir='ltr'>in</span> <span class='ocrx_word' id='word_1_189' title='bbox 599 4150 707 4219; x_wconf 85' lang='lat' dir='ltr'>verbis</span> <span class='ocrx_word' id='word_1_190' title='bbox 724 4153 878 4220; x_wconf 84' lang='lat' dir='ltr'>soloecnm</span> <span class='ocrx_word' id='word_1_191' title='bbox 895 4161 951 4219; x_wconf 85' lang='lat' dir='ltr'>aut</span> <span class='ocrx_word' id='word_1_192' title='bbox 973 4151 1006 4217; x_wconf 92' lang='lat' dir='ltr'>in</span> <span class='ocrx_word' id='word_1_193' title='bbox 1029 4149 1129 4218; x_wconf 84' lang='lat' dir='ltr'>rebus</span> <span class='ocrx_word' id='word_1_194' title='bbox 1151 4169 1225 4216; x_wconf 91' lang='lat' dir='ltr'>cum</span> <span class='ocrx_word' id='word_1_195' title='bbox 1252 4147 1298 4215; x_wconf 87' lang='lat' dir='ltr'>eis</span> <span class='ocrx_word' id='word_1_196' title='bbox 1320 4166 1434 4234; x_wconf 86' lang='lat' dir='ltr'>parum</span> 
     </span>
     <span class='ocr_line' id='line_1_24' title="bbox 259 4251 1022 4354; baseline 0.001 -24"><span class='ocrx_word' id='word_1_197' title='bbox 259 4285 443 4351; x_wconf 82' lang='lat' dir='ltr'>congruens</span> <span class='ocrx_word' id='word_1_198' title='bbox 458 4288 530 4354; x_wconf 85' lang='lat' dir='ltr'>quae</span> <span class='ocrx_word' id='word_1_199' title='bbox 545 4288 584 4334; x_wconf 80' lang='lat' dir='ltr'>ex</span> <span class='ocrx_word' id='word_1_200' title='bbox 599 4266 741 4341; x_wconf 82' lang='lat' dir='ltr'>historiis</span> <span class='ocrx_word' id='word_1_201' title='bbox 756 4277 832 4334; x_wconf 89' lang='lat' dir='ltr'>nota</span> <span class='ocrx_word' id='word_1_202' title='bbox 846 4275 932 4333; x_wconf 87' lang='lat' dir='ltr'>sunt.</span> <span class='ocrx_word' id='word_1_203' title='bbox 1017 4251 1022 4258; x_wconf 66' lang='grc'><em>’</em></span> 
     </span>
    </p>

    <p class='ocr_par' dir='ltr' id='par_1_5' title="bbox 258 4374 1484 4811">
     <span class='ocr_line' id='line_1_25' title="bbox 301 4374 1484 4469; baseline -0.004 -24"><span class='ocrx_word' id='word_1_204' title='bbox 301 4379 489 4448; x_wconf 88' lang='lat' dir='ltr'>llellenicon</span> <span class='ocrx_word' id='word_1_205' title='bbox 507 4380 683 4448; x_wconf 88' lang='lat' dir='ltr'>editionem</span> <span class='ocrx_word' id='word_1_206' title='bbox 706 4391 862 4469; x_wconf 84' lang='lat' dir='ltr'>apparatu</span> <span class='ocrx_word' id='word_1_207' title='bbox 884 4379 997 4448; x_wconf 91' lang='lat' dir='ltr'>critico</span> <span class='ocrx_word' id='word_1_208' title='bbox 1016 4379 1205 4448; x_wconf 85' lang='lat' dir='ltr'>instructam</span> <span class='ocrx_word' id='word_1_209' title='bbox 1223 4376 1249 4443; x_wconf 89' lang='lat' dir='ltr'>si</span> <span class='ocrx_word' id='word_1_210' title='bbox 1264 4374 1434 4455; x_wconf 80' lang='lat' dir='ltr'>evolveris,</span> <span class='ocrx_word' id='word_1_211' title='bbox 1480 4424 1484 4430; x_wconf 86' lang='lat'>.</span> 
     </span>
     <span class='ocr_line' id='line_1_26' title="bbox 258 4493 1434 4584; baseline -0.004 -25"><span class='ocrx_word' id='word_1_212' title='bbox 258 4493 405 4561; x_wconf 90' lang='lat' dir='ltr'>codicum</span> <span class='ocrx_word' id='word_1_213' title='bbox 431 4494 659 4583; x_wconf 81' lang='lat' dir='ltr'>discrepantias</span> <span class='ocrx_word' id='word_1_214' title='bbox 684 4495 852 4584; x_wconf 79' lang='lat' dir='ltr'>scripturae</span> <span class='ocrx_word' id='word_1_215' title='bbox 881 4516 986 4583; x_wconf 91' lang='lat' dir='ltr'>neque</span> <span class='ocrx_word' id='word_1_216' title='bbox 1016 4493 1060 4560; x_wconf 88' lang='lat' dir='ltr'>ita</span> <span class='ocrx_word' id='word_1_217' title='bbox 1091 4493 1206 4559; x_wconf 87' lang='lat' dir='ltr'>multas</span> <span class='ocrx_word' id='word_1_218' title='bbox 1232 4511 1303 4558; x_wconf 88' lang='lat' dir='ltr'>csse</span> <span class='ocrx_word' id='word_1_219' title='bbox 1329 4509 1434 4576; x_wconf 89' lang='lat' dir='ltr'>neque</span> 
     </span>
     <span class='ocr_line' id='line_1_27' title="bbox 259 4604 1434 4697; baseline -0.004 -23"><span class='ocrx_word' id='word_1_220' title='bbox 259 4627 390 4695; x_wconf 86' lang='lat' dir='ltr'>magnas</span> <span class='ocrx_word' id='word_1_221' title='bbox 405 4608 496 4676; x_wconf 88' lang='lat' dir='ltr'>lacile</span> <span class='ocrx_word' id='word_1_222' title='bbox 513 4619 560 4677; x_wconf 89' lang='lat' dir='ltr'>est</span> <span class='ocrx_word' id='word_1_223' title='bbox 575 4609 830 4677; x_wconf 87' lang='lat' dir='ltr'>animadvertere</span> <span class='ocrx_word' id='word_1_224' title='bbox 849 4631 856 4675; x_wconf 92' lang='lat'>:</span> <span class='ocrx_word' id='word_1_225' title='bbox 879 4631 917 4676; x_wconf 82' lang='lat' dir='ltr'>ex</span> <span class='ocrx_word' id='word_1_226' title='bbox 934 4631 998 4697; x_wconf 90' lang='lat' dir='ltr'>quo</span> <span class='ocrx_word' id='word_1_227' title='bbox 1017 4604 1208 4693; x_wconf 86' lang='lat' dir='ltr'>intellegere</span> <span class='ocrx_word' id='word_1_228' title='bbox 1222 4604 1297 4671; x_wconf 88' lang='lat' dir='ltr'>licet</span> <span class='ocrx_word' id='word_1_229' title='bbox 1312 4624 1331 4670; x_wconf 98' lang='lat' dir='ltr'>a</span> <span class='ocrx_word' id='word_1_230' title='bbox 1345 4612 1434 4670; x_wconf 80' lang='lat' dir='ltr'>textu</span> 
     </span>
     <span class='ocr_line' id='line_1_28' title="bbox 258 4716 1432 4811; baseline -0.004 -23"><span class='ocrx_word' id='word_1_231' title='bbox 258 4721 433 4811; x_wconf 83' lang='lat' dir='ltr'>archetypi,</span> <span class='ocrx_word' id='word_1_232' title='bbox 449 4724 536 4811; x_wconf 90' lang='lat' dir='ltr'>quod</span> <span class='ocrx_word' id='word_1_233' title='bbox 554 4732 586 4791; x_wconf 90' lang='lat' dir='ltr'>et</span> <span class='ocrx_word' id='word_1_234' title='bbox 598 4723 706 4811; x_wconf 88' lang='lat' dir='ltr'>ipsum</span> <span class='ocrx_word' id='word_1_235' title='bbox 719 4722 828 4791; x_wconf 88' lang='lat' dir='ltr'>nescio</span> <span class='ocrx_word' id='word_1_236' title='bbox 847 4743 886 4789; x_wconf 89' lang='lat' dir='ltr'>an</span> <span class='ocrx_word' id='word_1_237' title='bbox 903 4720 1085 4790; x_wconf 88' lang='lat' dir='ltr'>recentiore</span> <span class='ocrx_word' id='word_1_238' title='bbox 1099 4728 1193 4787; x_wconf 82' lang='lat' dir='ltr'>aetate</span> <span class='ocrx_word' id='word_1_239' title='bbox 1209 4717 1366 4806; x_wconf 87' lang='lat' dir='ltr'>scriptum</span> <span class='ocrx_word' id='word_1_240' title='bbox 1381 4716 1432 4798; x_wconf 90' lang='lat' dir='ltr'>sit,</span> 
     </span>
    </p>
   </div>
   <div class='ocr_carea' id='block_1_4' title="bbox 0 0 1696 5482">
    <p class='ocr_par' dir='ltr' id='par_1_6' title="bbox 0 0 1696 5482">
     <span class='ocr_line' id='line_1_29' title="bbox 0 0 1696 5482; baseline 0 0"><span class='ocrx_word' id='word_1_241' title='bbox 0 0 1696 5482; x_wconf 95' lang='lat' dir='ltr'> </span> 
     </span>
    </p>
   </div>
  </div>
 </body>
</html>
