3382 5482
669 413 890 477 ..53-

195 562 281 620 recte
301 551 416 620 referri
436 561 580 640 possunt,
600 573 718 639 neque,
739 552 766 619 si
784 553 824 619 ad
846 562 987 620 extrema
1001 552 1176 642 Thucydidi
1192 553 1290 621 verba
1304 563 1366 621 ret·

195 666 318 750 tuleris,
335 667 566 754 Xenophonteo
580 665 806 755 Thymocharis
816 687 891 734 cum
900 642 1119 754 Agesandrida
1129 684 1235 756 pugna
1247 667 1365 735 navalis

195 781 250 847 uhi
265 790 426 848 terrarum
442 782 523 849 facta
538 781 589 864 sit,
606 780 680 848 satis
694 780 805 868 liquet.
824 781 927 859 eram
940 780 967 846 si
982 779 1015 846 in
1029 781 1236 870 Hellesponto
1251 782 1365 850 factam

197 917 266 963 esse
282 894 489 979 intellexeris,
510 897 598 983 quod
616 905 725 963 tamen
739 916 758 962 a
770 896 982 982 Xenophonte
1003 895 1123 963 dictum
1140 896 1294 984 oportuit,
1312 897 1367 985 qui

196 1010 232 1078 fit
246 1021 291 1094 ut,
303 1032 378 1078 cum
392 1012 476 1098 apud
492 1011 720 1101 Thucydidem,
737 1032 806 1099 cap.
822 1009 878 1093 95,
895 1009 1049 1098 scriptum
1065 1011 1105 1078 sit
1114 1011 1367 1101 Thymocharem

197 1126 236 1192 ab
250 1125 468 1213 Agesandrida
486 1125 572 1194 inter
592 1125 736 1214 Oropum
753 1136 785 1192 et
802 1123 961 1192 Eretriam
976 1125 1094 1193 victum
1109 1147 1146 1193 ac
1161 1126 1367 1214 profligatum

198 1260 279 1323 esse,
293 1261 380 1308 nunc
395 1250 532 1329 uterque
546 1240 578 1308 in
593 1242 800 1328 Hellesponto
815 1240 878 1308 sit?
896 1241 934 1307 Et
950 1241 990 1308 de
1004 1241 1221 1327 Agesandrida
1236 1241 1367 1330 quidem

196 1363 305 1421 narrat
325 1355 525 1445 Thucydides
545 1355 628 1444 (cap
651 1354 728 1442 107)
748 1355 927 1422 Mindarum
947 1376 1062 1442 parum
1081 1377 1236 1445 prospere
1251 1356 1284 1423 in
1297 1357 1368 1424 Hel-

196 1468 342 1557 lesponto
358 1492 393 1538 re
408 1479 497 1558 gesta
512 1471 741 1559 Hippocratem
757 1479 788 1537 et
801 1470 944 1558 Epiclem
960 1470 1083 1538 misisse
1099 1471 1153 1559 qui
1172 1470 1256 1538 illins
1270 1493 1368 1540 naves

76 1634 81 1642 .
197 1583 236 1651 ab
251 1584 373 1652 Euboea
389 1587 582 1654 reducerent
593 1608 602 1668 ;
621 1570 677 1653 sed
696 1595 804 1654 tamen
824 1585 875 1652 hae
891 1606 987 1653 naves
1006 1607 1111 1673 neque
1129 1585 1170 1653 ab
1184 1585 1367 1673 Thucydide

197 1719 302 1786 neque
322 1720 340 1767 a
357 1701 570 1788 Xenophonte
589 1699 622 1767 in
641 1700 884 1788 Hellespontum
906 1698 1070 1767 advenisse
1087 1698 1259 1766 dicuntur':
1281 1701 1368 1787 quod

198 1813 352 1880 omissum
366 1835 436 1881 esse
453 1834 492 1881 eo
508 1813 610 1901 magis
627 1824 675 1880 est
689 1813 807 1881 mirum
823 1814 910 1902 quod
924 1834 998 1901 pars
1009 1822 1102 1881 'certe
1120 1812 1187 1902 ejus
1204 1815 1312 1881 classis
1327 1815 1368 1882 ad

197 1938 340 1995 montem
349 1930 430 1996 Atho
440 1928 566 1996 videtur
577 1928 818 2017 tempestatibus
829 1929 949 2017 perisse
962 1951 970 2011 ;
988 1949 1182 2017 quamquam
1198 1949 1269 2017 quae
1282 1930 1367 2016 apud

196 2041 372 2110 Diodorum
389 2054 463 2112 sunt
478 2043 569 2131 (XHl,
584 2042 653 2131 41),
671 2065 688 2111 e
705 2041 935 2131 quinquaginta
956 2041 1084 2110 navium
1105 2035 1273 2110 classiariis
1292 2044 1368 2110 duo·

197 2157 301 2225 decim
323 2167 446 2226 tantum
467 2159 596 2226 Breotos
615 2169 757 2226 servatos
778 2179 859 2241 esse,
882 2179 920 2225 ea
940 2157 1062 2246 majora
1078 2179 1147 2226 esse
1164 2157 1249 2225 veris
1263 2158 1313 2224 vel
1330 2180 1367 2225 ex

196 2273 257 2346 hoc
276 2272 463 2360 intellegere
486 2273 562 2341 licet
580 2274 667 2362 quod
691 2273 893 2362 Hippocratis
915 2274 1000 2360 apud
1020 2273 1267 2361 Xenophontem
1283 2272 1311 2355 l,
1332 2272 1364 2355 1,

196 2384 239 2453 13
253 2385 372 2454 mentio
387 2386 432 2454 lit.
446 2368 682 2476 Thymoehares
699 2408 777 2454 vero
795 2386 932 2470 videtur,
952 2397 1122 2475 postquam
1131 2386 1366 2473 Agesandridas

195 2499 228 2567 in
241 2502 482 2590 Hellespontum
503 2502 666 2590 profectus
688 2511 746 2585 est,
770 2502 909 2569 Athenas
931 2502 1102 2569 revertisse
1115 2501 1224 2590 ibique
1248 2523 1365 2590 paucas
1475 2507 1476 2511 ’

195 2636 291 2682 naves
304 2615 464 2704 accepisse
480 2616 539 2698 (ol-
553 2617 667 2698 Thoe,
684 2637 752 2704 cap.
771 2615 828 2685 96.
846 2616 922 2705 97);
941 2617 1106 2685 sedetiam
1123 2619 1185 2685 hoe
1201 2619 1364 2706 quomodo

195 2728 297 2797 omitti
312 2729 437 2818 potuit?
458 2731 547 2799 Adde
567 2731 653 2819 quod
674 2751 715 2798 ne
732 2731 831 2799 ceteri
848 2731 978 2820 quidem
993 2743 1049 2800 aut
1062 2733 1294 2811 Lacedaemonii
1310 2742 1364 2800 aut

194 2845 403 2913 Athenienses
416 2845 507 2912 initio
522 2844 710 2913 Hellenicon
724 2845 845 2913 ibidem
860 2856 932 2913 sunt
947 2847 1003 2913 nbi
1017 2869 1072 2914 eos
1084 2869 1153 2915 esse
1166 2848 1363 2937 Thucydides

194 2961 384 3049 scripserat:
400 2970 519 3028 namet
534 2960 775 3028 Atheniensium
790 2961 899 3030 classis
912 2983 983 3049 quae
998 2961 1101 3050 Cyzici
1116 2963 1221 3030 fuerat
1237 2963 1360 3050 (Thuc,

193 3074 272 3163 107)
292 3096 377 3143 nunc
401 3075 527 3143 videtur
550 3097 620 3144 esse
642 3075 676 3142 in
696 3077 903 3165 Hellesponto
928 3078 1034 3164 (Xen,
1049 3075 1131 3164 14),
1154 3087 1186 3144 et
1204 3077 1364 3146 Mindarus

193 3193 334 3259 Elaeunte
350 3193 477 3280 (Thuc.‚
493 3191 569 3281 107)
583 3192 676 3260 Hium
694 3202 742 3260 est
756 3202 976 3279 transgressus
991 3193 1100 3279 (Xen.‚
1117 3195 1137 3277 §
1156 3192 1203 3277 4),
1220 3202 1251 3260 et
1266 3213 1362 3281 quem
1408 3173 1412 3182 ¹

192 3305 289 3373 Mileti
305 3327 374 3374 esse
386 3305 508 3374 dixerat
517 3307 716 3395 Thucydides
726 3305 796 3395 (84)
807 3306 961 3375 Dorieum
972 3309 1151 3396 Xenophon
1160 3308 1273 3375 Rhodo
1289 3330 1363 3396 pro-

192 3419 291 3488 ficisci
305 3420 415 3488 scribit
429 3421 461 3508 (t
475 3421 521 3511 T),
537 3459 582 3472 -
595 3444 692 3510 quem
709 3443 747 3490 eo
764 3443 782 3489 a
796 3422 939 3490 Mindaro
954 3422 1086 3490 missum
1103 3444 1172 3490 esse
1190 3445 1207 3490 e
1222 3423 1362 3490 Diodoro

141 3596 145 3606 .
193 3536 283 3622 (Xlll‚
297 3534 353 3624 38)
367 3535 495 3620 scimus,
514 3546 603 3605 —et
619 3537 836 3626 Theramenes
850 3558 916 3605 non
926 3537 994 3627 y‘am
1009 3538 1139 3606 Athenis
1156 3536 1360 3626 (nuncet),
1472 3527 1477 3533 ’

192 3651 249 3716 sed
264 3671 302 3717 ex
316 3650 498 3718 Macedonia
517 3651 569 3740 (cf.
586 3651 693 3735 Diod,
711 3650 860 3735 Χ111,47.
879 3650 937 3741 49)
952 3651 1078 3720 advenit
1095 3651 1128 3740 1)
1146 3650 1213 3739 tn).

236 3765 312 3843 Quae
329 3764 355 3834 si
370 3765 441 3853 quis
459 3765 503 3834 ita
523 3767 719 3834 excusaverit
732 3777 767 3834 ut
784 3767 869 3835 dicat
882 3769 1128 3855 Xenophontem
1142 3768 1236 3855 paulo
1252 3767 1361 3852 negle-

192 3879 373 3966 gentiorem
389 3880 485 3948 luisse
501 3891 595 3969 atque
611 3880 642 3947 in
659 3903 697 3949 ea
712 3882 915 3950 excusatione
927 3881 986 3948 sibi
1004 3881 1071 3968 ipse
1082 3879 1281 3962 satisfecerit,
1296 3901 1361 3968 non

192 4003 239 4061 est
262 3995 349 4082 quod
368 3995 408 4062 de
429 4016 467 4062 ea
488 4017 523 4062 re
545 4017 619 4063 oum
640 4017 679 4063 eo
700 3995 871 4084 disputem.
889 3996 963 4064 Mihi
979 4006 1087 4063 tamen
1104 3995 1222 4084 aliquid
1234 3994 1361 4062 videtur

190 4109 302 4177 deesse
328 4117 438 4178 et'aut
463 4110 658 4201 Thucydidei
684 4110 791 4200 operis
817 4111 889 4179 finis
917 4120 972 4178 aut
990 4110 1116 4179 initium
1136 4110 1360 4199 Xenophontei

187 4223 319 4312 perisse.
338 4225 430 4304 Quod
443 4245 521 4293 vero
536 4221 664 4315 'conjicit
680 4225 828 4315 Campius
845 4225 944 4316 (Neue
957 4227 1106 4311 laerte,
1122 4225 1222 4309 1871,
1243 4248 1273 4313 p.
1294 4224 1355 4293 701

188 4340 284 4427 squ),
310 4339 364 4428 qui
387 4350 418 4408 et
440 4339 508 4429 ipse
532 4340 736 4429 deperditum
756 4364 826 4411 esse
846 4342 1032 4410 Hellenicon
1051 4341 1177 4408 initium
1196 4349 1296 4428 putat,
1322 4361 1359 4406 ea

188 4475 260 4541 quae
283 4442 533 4544 a'Xenophonte
556 4459 594 4543 §§
617 4455 670 4525 1-9
697 4457 879 4526 reserantur
903 4459 1016 4525 eadem
1039 4478 1108 4524 esse
1125 4477 1197 4543 quae
1218 4456 1256 4523 ab
1274 4456 1358 4521 Thu·

188 4568 300 4658 eydide
319 4591 390 4657 cap.
413 4570 533 4640 95-109
554 4570 656 4640 fusius
677 4581 862 4654 narrentur,
882 4579 918 4638 ut
937 4578 968 4637 et
980 4569 1212 4658 Xenophonteo
1225 4570 1359 4669 Thymo-

188 4684 292 4754 charis
325 4669 399 4754 cum
426 4687 644 4776 Agesandrida
674 4709 781 4776 pugna
805 4685 924 4755 navalis
949 4687 1062 4754 eadem
1086 4685 1125 4754 sit
1150 4705 1246 4774 quam
1272 4683 1357 4773 apud
