3382 5482
742 452 964 517 ..62-

311 600 330 683 β
347 595 401 663 11.
418 630 462 644 -
476 596 500 679 1,
522 593 555 675 1,
574 591 606 659 1.
624 594 802 681 Θράσυλλος
825 594 858 661 δὲ
879 594 922 662 τά
944 619 979 661 τε
1003 595 1207 682 ψηφισὲιέντα
1224 597 1318 662 πλοῖα
1338 593 1439 678 λαβὼν

266 716 322 782 καὶ
341 711 611 796 πεντακισχιλίους
632 715 692 777 τῶν
714 714 831 776 ναυτῶν
851 707 1035 788 πελταστάς
1052 708 1261 796 ποιησάμενος
1284 705 1332 788 ee
1355 706 1440 796 ἅμα

266 831 521 905 πελτασταῖς
548 825 757 912 ἐσομένοις
780 824 971 904 ἐξέπλευσεν.
997 821 1095 888 Recte
1120 819 1245 888 videtur
1267 820 1439 888 Hclwerda

267 939 452 1029 scripsisse:
481 939 523 1019 ὦς
538 936 607 1028 ἅμα
629 941 697 1008 καί
722 936 856 1025 [ναύτας
878 935 960 1024 καὶ]
977 935 1160 1017 πελταστάς
1174 937 1344 1024 ἐσομένους.

310 1055 343 1122 5.
361 1056 494 1143 Στάγης
507 1055 541 1123 δὲ
565 1053 579 1123 ὃ
601 1055 727 1142 Πέρσης
742 1054 811 1142 περὶ
826 1046 932 1121 ταῦτα
954 1051 997 1120 τά
1018 1055 1117 1140 χωρία
1136 1050 1187 1137 ὤν,
1208 1053 1276 1120 ἐπεὶ
1290 1053 1318 1119 οἱ
1335 1050 1437 1140 Ἀὲυη·
1489 1078 1496 1092 ·

265 1178 344 1240 ναῖοι
359 1172 394 1239 ἐκ
409 1175 464 1238 τοῦ
481 1171 668 1256 σρατοπέδου
684 1168 935 1254 διεσκεδασμένοι
948 1161 1031 1256 ἦσαν
1044 1165 1132 1235 κατὰ
1149 1165 1212 1246 τάς
1231 1168 1314 1246 ἰδίας
1333 1169 1434 1255 λείας,

265 1284 552 1374 βοηθησάντων
582 1289 655 1350 τῶν
686 1284 835 1351 ἱππέων
866 1284 920 1351 ἕνα
949 1282 1004 1370 μἐν
1032 1281 1108 1364 ζωὸν
1136 1283 1254 1370 ἐλαβεν,
1290 1282 1374 1352 ἑπτά
1403 1284 1438 1352 δὲ

266 1399 464 1484 ἀπέκτεινεν;
483 1394 538 1484 qui
554 1395 677 1483 equites
693 1394 747 1483 qui
772 1393 834 1462 siut
859 1413 975 1482 parum
995 1394 1203 1482 intellegitur.
1226 1395 1309 1476 Quid
1328 1404 1437 1463 tamen

265 1511 488 1600 reponendum
512 1509 552 1578 sit
575 1509 709 1576 dubium
734 1518 798 1592 est;
817 1513 982 1601 βοηδήσας
997 1511 1155 1599 μετὰτῶν
1170 1514 1286 1581 ἱππέων
1310 1509 1437 1598 scripsit

264 1625 450 1713 Madvigius,
470 1624 651 1715 βοηὲιησα[ς
666 1628 732 1694 τισὶ
744 1633 804 1693 τῶν
819 1625 991 1714 παρύ]ντων
1007 1629 1122 1696 ἱππέων
1136 1624 1319 1693 ΗωῙυνθυύα.Ι

309 1740 340 1809 8.
359 1745 386 1812 οἱ
399 1742 426 1811 δ’
443 1743 479 1810 ἐκ
494 1748 556 1832 τῆς
568 1740 687 1821 πόλεως
703 1741 882 1831 ἐβοήῖιησαν
895 1744 1000 1829 σφίσιν
1018 1740 1071 1828 (=
1084 1743 1189 1829 σφίσιν
1205 1736 1338 1828 αύτοῖς),
1355 1744 1388 1810 οί
1399 1767 1437 1810 τε

265 1858 426 1946 σύμμαχοι
447 1855 501 1937 ούς
521 1857 738 1944 Τισσαφέρνης
756 1855 876 1946 ἤγαγε,
898 1858 954 1924 καὶ
975 1855 1163 1943 Συρακόσιοι
1184 1859 1216 1924 οί
1233 1855 1261 1924 τ’
1286 1855 1348 1924 ἀπὸ
1374 1863 1436 1924 τῶν

264 1973 414 2059 προτέρων
431 1972 528 2039 εἴκοσι
548 1977 621 2038 νεῶν
641 1973 697 2039 καὶ
716 1969 779 2039 άπὸ
799 1971 908 2059 ἑτέρων
928 1973 1021 2040 πέντε
1037 1974 1071 2040 αἳ
1086 1972 1195 2057 ἐτυγον
1212 1971 1287 2040 τότε
1301 1996 1436 2059 παραγε-

263 2085 400 2174 νόμεναι,
419 2088 529 2154 νεωστὶ
545 2082 679 2175 ἥκουσαι
697 2084 780 2173 μετὰ
797 2084 958 2166 Εύκλέους
977 2112 1013 2154 τε
1032 2092 1086 2154 τοῦ
1101 2083 1256 2166 Ἵππωνος
1270 2084 1436 2174 καὶἭρατ

263 2202 383 2268 κλείδου
394 2207 448 2269 τού
466 2200 698 2288 Ἀριστογένους
711 2207 904 2289 στρατηγῶν,
925 2202 980 2269 καί
994 2202 1193 2271 Σελινούσιαι
1209 2186 1273 2271 δύο.
1291 2201 1435 2268 Fuerunt

263 2313 318 2402 qui
335 2318 390 2384 καὶ
404 2315 601 2385 Σελινούσιαι
620 2316 673 2385 δύο
688 2314 797 2381 delere
813 2314 942 2398 veilent,
959 2324 996 2381 ut
1010 2335 1048 2381 ex
1063 2314 1135 2382 locu
1150 2314 1343 2403 Thucydidis
1357 2315 1433 2398 VIII,

262 2428 372 2512 16,1,
397 2431 493 2499 είκοσι
521 2437 596 2521 νῆες
617 2433 814 2519 Συρακοσίων
838 2425 938 2521 νῖλδον
961 2433 1016 2499 καὶ
1038 2431 1253 2501 Σελινούντιαι
1278 2433 1344 2519 δύο,
1370 2430 1436 2498 huc

262 2543 384 2610 illatum
412 2567 418 2611 :
447 2544 533 2632 qued
564 2544 642 2611 mihi
667 2535 839 2633 prepterea
864 2544 969 2613 minus
994 2544 1161 2633 probabile
1192 2545 1318 2613 videtur
1346 2547 1434 2634 quud

263 2656 390 2742 etiarn§
406 2657 450 2726 10
464 2657 619 2746 scriptum
637 2668 685 2726 est
698 2666 764 2742 τοῖς
779 2662 813 2730 δέ
827 2664 1033 2750 Συρακοσίοις
1059 2665 1129 2733 καὶ
1154 2664 1434 2758 Σελινουσίοις

262 2775 444 2861 κράτιστοις
460 2777 632 2862 γενομένοις
651 2773 795 2864 ἀριστεῖα
811 2777 928 2846 ἔδοσαν.
948 2774 1062 2842 Nescio
1078 2795 1119 2841 an
1133 2777 1189 2844 καὶ
1205 2774 1267 2863 [αἱ]
1289 2777 1434 2845 Σελινού·

261 2914 327 2957 σιαι
346 2890 400 2958 δύο
419 2888 593 2975 legendum
609 2888 673 2956 sit:
700 2909 893 2978 quamquam
913 2889 1008 2957 etiarn
1029 2900 1098 2958 turn
1114 2888 1295 2958 claudicare
1313 2888 1432 2956 oratiu-

261 3023 336 3069 nem
349 3002 442 3070 video
452 3026 460 3087 ;
478 3005 533 3072 sed
553 3004 687 3072 fortasse
705 3005 742 3075 τὸ
763 3006 972 3077 άνακάλουὲιον
988 3027 1026 3072 ex
1042 3004 1087 3072 eis
1104 3025 1176 3094 quae
1196 3013 1269 3072 suut
1288 3003 1432 3092 interpo-

258 3111 334 3202 sita,
350 3123 384 3188 αἳ
397 3121 505 3206 ἔτυχον
521 3130 608 3202 cett,
625 3118 863 3187 excusationem
878 3120 1018 3188 habebit.

305 3231 359 3300 13.
374 3235 577 3323 Ἀλκιβιάδην
587 3237 621 3306 δὲ
637 3235 817 3324 Ἀὲυηναῖον,
833 3235 1034 3321 Ἀλκιβιάδου
1049 3236 1126 3305 ὄντα
1142 3234 1269 3324 ἀνεψιὸν
1285 3237 1340 3304 καὶ
1356 3259 1433 3324 συμ-

261 3352 397 3437 φυγάδα,
423 3353 677 3421 κατέλευσεν.
702 3350 800 3416 Recte
824 3348 903 3416 mili
924 3348 1051 3417 videtur
1065 3347 1229 3437 scripsisse
1244 3349 1432 3417 Breiteuba-

261 3463 351 3529 chius
366 3462 582 3553 κατ[ελεησας
596 3464 775 3552 άπ]ε’λυσεν.

283 3647 287 3654 ,
304 3575 337 3658 3,
349 3575 403 3645 13.
417 3579 592 3666 ἐπορεύοντο
613 3581 647 3649 δὲ
662 3583 717 3649 καὶ
735 3584 984 3670 Λακεδαιμονίων
999 3584 1143 3670 πρέσβεις
1156 3582 1361 3660 Πασιππίδας
1375 3583 1431 3649 καὶ

260 3695 369 3781 ἕτεροι,
392 3692 475 3781 μετά
494 3694 527 3762 δέ
543 3694 660 3762 τούτων
678 3697 733 3763 καὶ
747 3693 971 3784 Ἑρμοκράτης
991 3695 1054 3786 ἤδη
1074 3695 1195 3783 φεύγων
1216 3696 1252 3764 ἐκ
1272 3703 1430 3783 Συρακου·

260 3814 320 3874 σῶν
339 3810 394 3876 καὶ
415 3806 430 3876 ὁ
455 3807 592 3896 ἀδελφὸς
613 3807 712 3878 advoc
736 3811 899 3898 Πρόξενος.
930 3843 975 3856 -·
996 3809 1072 3876 Haec
1095 3830 1224 3897 quoque
1244 3808 1430 3877 Ilindurlius

259 3920 366 4008 spuria
387 3942 456 3989 esse
477 3932 597 4005 censet,
619 3923 705 4010 quud
726 3932 758 3990 et
776 3933 845 3991 tum
868 3923 1059 3991 exsulaverit
1072 3924 1256 4012 Pasippidas
1271 3926 1313 4011 (v.
1331 3936 1429 4012 supra

259 4033 365 4120 1,31)
385 4045 417 4102 et
435 4035 660 4105 Hermocrates
683 4059 723 4106 ee
745 4038 816 4126 ipso
831 4059 915 4106 aune
930 4038 1106 4128 Syracusis
1125 4040 1201 4107 dum
1217 4038 1338 4106 bellum
1354 4060 1428 4106 cum

259 4148 380 4216 civibus
401 4149 496 4236 gerit,
515 4150 647 4238 perierit
668 4152 773 4238 (Diod.
801 4149 878 4236 IIIII,
895 4152 949 4221 63.
968 4152 1036 4240 75).
1054 4146 1133 4234 Quae
1148 4154 1312 4242 quemodo
1329 4152 1429 4241 expli-

258 4265 359 4331 canda
373 4264 434 4332 siut
450 4265 600 4353 equidem
616 4266 740 4350 dubito,
756 4268 812 4335 sed
826 4278 933 4336 tamen
947 4269 1032 4335 unde
1048 4268 1118 4336 haee
1134 4267 1167 4334 iu
1183 4278 1305 4335 textum
1317 4266 1428 4336 venire

258 4379 419 4466 potuerint
439 4401 554 4469 parum
573 4381 737 4468 intellege.
760 4383 799 4449 Et
821 4382 925 4471 potuit
940 4381 1124 4471 Pasippidas
1139 4381 1179 4449 ab
1197 4381 1306 4450 exsilio
1321 4402 1429 4450 rever-⁴

256 4493 348 4578 tisse;
365 4496 404 4562 de
420 4496 629 4565 llermocrate
645 4517 722 4565 vero
738 4497 845 4564 emnia
861 4496 999 4564 obscura
1018 4508 1102 4580 suut,
1119 4497 1238 4586 quippe
1255 4505 1352 4591 quem
1367 4498 1427 4565 Po·

255 4609 358 4699 lybius
372 4611 436 4694 XII,
461 4610 504 4678 15
525 4635 557 4700 p,
574 4612 607 4695 6,
624 4633 696 4700 pag.
718 4611 784 4680 515
801 4613 852 4680 ed.
865 4612 985 4699 Didot.)
1002 4613 1041 4679 ad
1056 4615 1152 4701 Αἰγὸς
1165 4613 1328 4702 ποταμούς
1340 4611 1427 4680 iuter

255 4727 514 4795 Lacedaemonius
530 4727 721 4816 pugnavisse
738 4728 850 4795 tradat.
868 4727 1023 4795 Additicia
1038 4736 1146 4794 tamen
1163 4748 1234 4796 esse
1248 4727 1346 4796 verba
1361 4728 1425 4818 ἤδη
