3382 5482
730 520 775 532 ..
823 482 952 548 15...

257 622 433 692 Clearchus
447 621 480 689 in
491 611 972 710 Hellespontum.mitteretur-3·
983 625 1075 713 quod»
1091 645 1164 691 cum
1183 626 1432 696 Lacedaemoniis
1453 667 1456 673 ·

258 738 438 826 placuisset,
461 737 650 805 Clearebum
673 759 746 812 cum
767 738 904 805 navibus·
923 738 1037 821 abisse.
1062 738 1187 811 Codicis
1213 743 1335 809 vero-V
1364 764 1433 809 eor-

258 852 358 919 rectio
377 852 451 919 inde
471 851 700 920 minitatum-ur·
715 853 857 939 prolecta
877 874 946 920 esse
963 854 1049 939 qued
1066 852 1160 943 Ιεἶναι,
1182 856 1269 942 qued
1289 855 1384 923 ctiam
1399 857 1430 923 in

164 1048 167 1052 Α
257 967 438 1055 optimum
461 966 616 1034 omissum
640 967 710 1049 luit,
734 969 833 1037 altera
847 967 973 1036 deinde
996 989 1091 1039 manu
1112 970 1256 1038 additum
1273 981 1336 1054 est,
1357 994 1431 1039 cum

259 1082 435 1164 excidisset,
461 1081 611 1149 librarius
632 1084 813 1171 Κράτιστίν
834 1086 945 1154 τεκαὶ
967 1087 1127 1172 Κλέαρχον
1152 1086 1283 1174 propria
1302 1087 1431 1155 nomina

259 1220 327 1266 esse
343 1197 513 1285 putaverit.
683 1244 685 1247 ψ
857 1245 859 1248 ⁴
1148 1252 1152 1257 .

301 1314 404 1384 boens
418 1311 609 1382 Cobetianus
624 1313 705 1379 alter
722 1321 770 1379 est
783 1310 833 1393 Ill,
851 1309 883 1394 Ι,
901 1309 942 1378 ΙΙ
961 1334 967 1378 ;
993 1316 1173 1403 δηιονμένης
1193 1317 1227 1384 δὲ
1247 1324 1309 1406 τῆς
1328 1319 1431 1405 χώρας

257 1431 312 1499 καὶ
329 1428 425 1516 οὔσης
444 1435 506 1517 τῆς
526 1436 680 1515 στρατιᾶς
700 1429 973 1516 περὶ,Κν“λλήνην,
995 1429 1172 1516 βονλόμενοι
1191 1433 1219 1499 οἱ
1233 1433 1303 1518 περὶ
1321 1433 1431 1507 Ξενίαν
1451 1490 1456 1503 ,

257 1543 322 1612 τὸν
345 1542 393 1627 (τὸ
411 1540 549 1628 codices)
566 1543 728 1630 λεγόμενον
745 1544 888 1630 μεδίμνωι
911 1542 1196 1632 ἀπομετρήσασῧαι
1220 1543 1324 1631 τὸῇίίιι
1346 1546 1431 1613 eodi-

258 1655 347 1724 cibus
363 1656 397 1737 B,
414 1655 451 1738 D,
467 1657 503 1738 ll,
521 1655 554 1736 C,
570 1656 607 1738 E,
626 1677 657 1738 a,
674 1657 698 1723 L
714 1654 881 1741 omissum)
901 1656 990 1744 παρὰ,
1008 1657 1203 1745 τοῦπατρὸς
1224 1659 1365 1748 ἀργύριον
1386 1663 1425 1730 δι’
1457 1698 1462 1722 ι

258 1771 359 1840 αὐτῶν
379 1779 597 1860 προσχωρῆσαι
614 1778 680 1851 τοῖς
696 1774 954 1859 Λακεδαιμονίοις
970 1773 1156 1852 ἐκπεσόντος
1178 1773 1212 1854 ἐξ
1233 1776 1335 1855 οίκίας
1357 1777 1432 1864 ξίφη

258 1889 380 1971 ἔχοντες
402 1885 529 1974 σφαγὰς
555 1892 675 1955 ποιοῦσι
705 1893 797 1967 cclt.;
824 1906 895 1972 quae
920 1887 1026 1952 omnia
1050 1906 1083 1952 se
1105 1894 1194 1952 recte
1216 1885 1345 1969 habent,
1359 1888 1431 1975 ,taisi

259 2001 345 2087 qued
370 2009 443 2067 ante
467 2001 506 2068 δι’
533 1997 637 2069 αὐτῶν
662 1999 712 2068 vel
734 2008 806 2087 post
829 2000 878 2071 δι’
895 2001 999 2070 αὐτῶν
1025 2001 1172 2067 lacunam
1197 2022 1266 2068 esse
1287 2000 1432 2089 judican-

259 2117 335 2184 dum
360 2125 418 2197 est,
447 2114 480 2181 in
508 2136 570 2204 qua
596 2115 655 2199 edo
682 2117 771 2187 πόλιν
800 2116 849 2181 vel
875 2115 950 2196 τούς
971 2117 1122 2199 Ἠλείοις
1148 2117 1197 2184 vel
1225 2117 1329 2188 simile
1354 2119 1432 2206 quid

260 2230 421 2298 exciderit.
827 2240 830 2245 ’

301 2347 340 2413 dt
355 2367 432 2415 vero
448 2367 519 2433 quae
535 2348 558 2413 V
574 2345 692 2413 babet:
715 2346 1000 2436 &concaedeaubm
1017 2346 1180 2435 τοὶργίριον
1201 2354 1322 2416 πολλῶν
1340 2356 1429 2416 πᾶσα

153 2517 159 2529 .
258 2463 481 2553 ἐνοπλησᾶηή
509 2465 665 2551 στρατιά·
685 2463 945 2549 σνσποιραῖιίντος
971 2462 1005 2529 δέ
1029 2487 1112 2543 τινες
1137 2467 1198 2530 τῶν
1220 2462 1355 2530 Ἠλείων
1376 2464 1453 2530 καί-

257 2579 327 2664 περί
353 2603 424 2646 τινα
456 2576 658 2656 euocandum
687 2577 789 2644 οίνιίαν
816 2575 1000 2656 ἐκπεσόντες
1031 2562 1067 2642 τὲ
1100 2574 1135 2655 ἐξ
1169 2573 1273 2664 αὐτῆς
1304 2574 1432 2663 σφαγὰς

257 2699 395 2778 ποιοῦσι,
414 2711 450 2757 ea
466 2711 506 2755 ne
522 2698 590 2756 lum
606 2687 735 2776 quidem
751 2687 776 2753 si
794 2708 867 2754 cum
883 2687 1002 2754 Cobeto
1018 2697 1090 2774 post
1104 2688 1266 2778 celerrimos
1282 2689 1428 2783 lacunam

259 2825 328 2871 esse
343 2813 461 2871 statuas
476 2802 650 2869 milri-satis
670 2800 812 2888 intellegi
828 2801 986 2871 videntur.
1002 2801 1085 2880 Quid
1106 2812 1192 2869 certe
1214 2801 1255 2868 sit
1273 2806 1344 2892 περί
1360 2830 1430 2875 τινα

258 2921 458 3000 calcandae
478 2921 577 2987 οίκίαν
598 2919 782 2998 ἐκπεσόντες
796 2945 832 2986 τε
848 2919 882 2999 ἐξ
898 2918 1018 3007 αὐτῆς,
1037 2937 1098 3005 ego
1113 2937 1179 2984 non
1195 2917 1301 2985 video.
1322 2917 1429 3004 ltaque

218 3019 219 3023 ¹
258 3034 290 3099 in
306 3033 488 3120 exemplari,
504 3033 588 3100 narde
604 3033 705 3100 codex
723 3033 744 3099 V
761 3031 940 3115 defluxerit,
957 3031 1054 3100 luisse
1069 3032 1215 3119 suspicor
1229 3054 1236 3100 :
1251 3033 1430 3122 ἀπομοτρη-
1525 3075 1526 3078 =

258 3155 377 3219 σασῖιαι
399 3207 462 3220 .....
484 3147 624 3237 ἀργύριον
641 3148 729 3235 (nam
747 3147 799 3214 hic
819 3146 949 3235 quidem
962 3148 1108 3215 lacunam
1123 3147 1156 3214 in
1173 3169 1211 3214 eo
1229 3146 1326 3215 luisse
1343 3168 1429 3214 com-

257 3263 412 3350 probatur
436 3263 530 3330 eliam
555 3262 662 3332 Suidae
685 3261 886 3344 testimonio,
915 3262 969 3349 qui
991 3262 1050 3329 sub
1074 3261 1172 3330 verbo
1195 3266 1338 3351 μέδιμνον
1360 3263 1429 3328 baee

257 3378 349 3446 allent
366 3401 373 3445 :
389 3383 445 3451 καὶ
463 3385 630 3469 παροιμία·
644 3383 787 3469 cabirum
804 3380 970 3468 ἀπομοτρῶ
993 3379 1029 3448 τὸ
1053 3378 1160 3467 παρὰ
1182 3387 1250 3450 τοῦ
1276 3379 1430 3467 πατρὸς

259 3492 414 3582 ἀργύριον)
439 3551 503 3566 .....
530 3497 714 3577 ἐκπεσόντος
736 3492 772 3577 ἐξ·
792 3497 894 3575 οίκίας
919 3551 983 3564 .....
1010 3493 1137 3581 σφαγὰς
1157 3502 1295 3582 ποιοῦσι,
1322 3494 1429 3561 locum

257 3627 334 3674 vere
349 3607 498 3674 mutilum
513 3629 531 3674 a
544 3607 675 3675 librario
692 3608 784 3674 solita
799 3606 979 3674 temeritate
995 3607 1142 3674 relictum
1159 3628 1239 3674 esse.

301 3723 455 3810 Equidem
476 3743 539 3804 me,
561 3722 637 3810 quid
657 3721 796 3789 voluerit·
812 3722 1024 3813 interpolator
1039 3743 1112 3791 cum
1128 3730 1250 3792 πολλῶν
1266 3731 1357 3793 πᾶσα
1371 3726 1430 3792 ἐνε-

256 3841 429 3930 πλησὲιηή
454 3842 589 3929 στρατιά
610 3839 779 3920 scriberet,
802 3860 868 3906 non
891 3839 1078 3925 intellegere
1096 3838 1219 3906 fateor:
1244 3838 1300 3904 sed
1323 3849 1428 3906 tamen

257 3953 350 4042 lrnjtts
364 3953 520 4037 lectionis,
538 3974 611 4021 cum
626 3953 770 4022 codicem
785 3953 903 4020 mirum
918 3955 950 4020 in
966 3954 1099 4021 modum
1112 3952 1341 4040 interpolatum
1359 3973 1428 4019 esse

256 4067 330 4139 satis
346 4077 481 4154 constet,
497 4069 617 4143 nullom
632 4068 665 4134 in
680 4077 766 4140 textu
781 4069 904 4138 edendo
921 4069 1078 4137 rationem
1094 4067 1275 4137 habendam
1287 4078 1375 4156 pute.

299 4263 366 4348 §a
389 4264 580 4332 -Codices
599 4266 622 4331 V
639 4274 670 4330 ct
684 4265 709 4330 ll
724 4275 792 4331 arta
813 4263 1003 4351 cognatione
1024 4264 1212 4352 conjunctos
1233 4285 1303 4331 esse
1326 4285 1363 4330 ex
1381 4229 1427 4330 eis

254 4378 332 4446 locis
352 4401 432 4468 quos
452 4379 491 4454 in,
504 4380 718 4467 disputatione
739 4401 810 4468 quae
828 4391 989 4468 ,supraest
1003 4380 1167 4446 attulimus
1184 4377 1257 4446 satis
1273 4378 1429 4465 intellegi-

254 4503 307 4560 tur
324 4515 330 4560 :
363 4494 479 4593 quibus
493 4495 611 4561 multos
625 4495 703 4561 alios
719 4495 808 4562 facile
824 4496 894 4583 quis
910 4494 1081 4578 addiderit,
1098 4495 1186 4560 velut
1202 4519 1211 4558 ι

221 4653 227 4664 “
298 4644 322 4727 Ι,
339 4643 371 4725 Ι,
387 4644 403 4715 Ι
422 4648 621 4734 Θυμοχάρης.
641 4685 685 4697 -
700 4647 745 4722 [lt
762 4648 957 4735 dngogoieng,
974 4646 1017 4711 V:
1035 4599 1231 4733 Vbnogdpng.

301 4756 321 4824 8
336 4751 382 4840 εἷς
396 4757 435 4830 ὢν
448 4769 508 4831 τῶν
523 4770 715 4849 στρατηγῶν.
734 4801 780 4813 --
793 4759 833 4831 ὂν
847 4779 902 4829 ΟΠΙ
926 4760 991 4827 DV.
