3382 5482
749 382 970 447 -10-

275 526 440 614 «τριήρεις
452 556 497 569 -
512 521 587 600 bido
603 521 754 612 cpi‘Po'bp
768 539 833 586 om.
853 520 885 587 B.
896 518 932 587 ll.
946 513 1024 586 V.'‘-‘
1037 528 1143 588 ταῦτα
1159 520 1310 599 {lentur
1321 524 1449 610 παλαιῷ

274 638 354 725 (tota
368 657 453 726 pag„
469 647 506 703 ut
520 635 691 723 videtum„
702 635 855 722 ascripsit
872 633 1096 704 Valckenarius
1106 635 1146 700 de
1156 634 1191 716 l.,
1204 633 1338 735 opinor:
1353 633 1449 722 ⁴cujus

276 751 750 840 mentioprimumtitrursuss.
765 751 846 819 13.»
864 753 1099 819 Totumautem
1110 749 1220 816 solium
1231 771 1268 831 aa
1279 750 1449 823 lavulsum

276 868 374 945 luisse
399 888 472 934 eum
496 876 669 954 prepterea
691 866 796 932 minus
819 866 887 932 veri
909 865 1011 932 simile
1033 865 1074 931 sit
1092 866 1177 952 quod
1194 873 1226 931 et
1239 865 1393 949 edMet
1407 864 1448 932 ad

274 985 293 1068 ι
309 983 352 1050 ld
371 983 472 1050 codex
486 983 499 1048 l
518 982 715 1064 nominetur,
732 981 828 1048 etiam
843 980 876 1047 in
890 1002 929 1048 oo
945 990 998 1048 aut
1014 1001 1111 1047 unam
1125 989 1180 1048 aut
1195 981 1303 1081 plupps
1317 980 1449 1048 lacunas

274 1097 371 1164 fuisse
394 1095 548 1184 suspicari
564 1095 637 1164 lieet
655 1117 662 1162 :
680 1116 751 1184 quae
765 1116 844 1164 num
860 1097 981 1163 eaedem
996 1095 1115 1163 fuerint
1129 1116 1200 1183 quae
1212 1094 1278 1162 sint
1289 1093 1321 1160 in
1332 1095 1449 1165 ceteris

272 1212 314 1279 ne
334 1212 450 1299 quous
474 1206 627 1293 artimus,
651 1210 685 1276 in
705 1211 811 1277 meato
832 1210 1079 1298 relinquendum
1094 1219 1151 1277 est.
1174 1208 1237 1278 ιιι
1253 1189 1450 1290 aiennaci

274 1347 359 1394 nunc
375 1326 544 1414 deperdito
559 1346 772 1414 quam-pauca
787 1335 863 1393 nota
877 1325 951 1410 sint,
967 1326 1017 1392 vel
1034 1326 1097 1391 boc
1112 1344 1185 1391 uno
1195 1324 1341 1413 exerpplo
1355 1324 1449 1391 intel-

275 1441 417 1528 legitur:
444 1451 641 1529 quapropter
659 1440 737 1506 mihi
759 1439 972 1507 Schneiderus
987 1440 1112 1507 videtur
1130 1460 1243 1527 parum
1259 1416 1346 1529 rente
1359 1438 1447 1529 judi-

250 1605 260 1615 ..
275 1576 376 1639 casse,
387 1555 442 1644 qui
451 1557 536 1624 buno
545 1556 690 1624 codicem
701 1577 760 1644 pro
770 1556 978 1624 fundamento
987 1536 1443 1643 textusconstituendibabere

278 1670 427 1738 voluerit.
1291 1730 1341 1749 ,
1424 1733 1428 1739 .

275 1836 278 1841 -
323 1786 583 1874 Sed‚utcumque
596 1806 629 1853 se
641 1806 693 1854 res
703 1786 809 1868 habet,
821 1785 900 1852 illud
912 1784 988 1850 milri
1002 1805 1068 1852 non
1078 1782 1212 1852 dubium
1222 1784 1359 1878 videtur,
1371 1785 1450 1872 quin

279 1902 428 1969 codicum
444 1904 558 1992 stirpes
574 1883 805 1990 distinguendae
827 1903 889 1970 siut
909 1903 992 1985 duaa,
1010 1922 1146 1990 quarum
1160 1904 1199 1969 ad
1213 1903 1396 1985 alteram-B,
1412 1924 1447 1992 a,

280 2017 318 2099 L‚·
332 2018 369 2101 ll,
384 2019 488 2106 llll)
504 2019 696 2106 pertineant,
713 2019 753 2086 ad
767 2019 899 2086 alteram
914 2019 951 2102 Α,
968 2018 1001 2101 G,
1018 2019 1054 2101 ll,
1066 2019 1107 2100 ll,
1118 2018 1155 2101 N,
1167 2019 1201 2101 P,
1213 2019 1251 2101 R,
1263 2015 1447 2109 e,o3„l'(‘l)‚

281 2133 396 2224 quibus
412 2134 542 2201 forsitan
557 2134 596 2216 ΙΙ,
612 2134 638 2199 K
651 2133 790 2200 addendi
805 2133 876 2202 sint.
892 2133 1038 2200 Priorem
1048 2133 1146 2220 igitur
1156 2134 1289 2220 stirpem
1299 2133 1450 2216 litterae,

281 2229 494 2338 posteriorem
517 2249 622 2316 littera
645 2271 666 2336 p
687 2246 880 2316 notabimus.
904 2249 1018 2336 Atque,
1037 2258 1073 2314 ut
1091 2246 1182 2315 initio
1202 2247 1276 2315 libri
1292 2246 1395 2336 quinti
1411 2268 1450 2314 ea

234 2425 237 2430 .
257 2409 259 2412 >
281 2386 354 2453 quae
370 2364 402 2431 in
418 2365 583 2433 codicibus
598 2364 705 2453 stirpis
719 2387 742 2432 c
758 2365 872 2431 desunt
888 2385 927 2431 ex
943 2363 1040 2453 stirpe
1054 2387 1076 2450 p
1090 2365 1290 2451 supplentur,
1306 2363 1449 2434 itttloous

279 2490 328 2547 est
341 2481 376 2563 V,
388 2479 421 2563 3,
437 2479 498 2547 l82
516 2484 582 2551 ἐπεὶ
597 2483 630 2550 δὲ
645 2480 745 2561 οὐδεὶς
756 2481 914 2570 ἀντεξήιιι
929 2480 974 2549 otti
985 2487 1060 2566 τῶι,
1080 2481 1153 2548 τότε
1168 2480 1411 2569 τῆςὈλινῖιέιις
1422 2482 1452 2546 εἴ

279 2623 311 2666 τι
326 2595 490 2665 ὑπόλοιπον
504 2592 544 2687 ἦν
563 2599 668 2687 &balteo
688 2599 743 2669 καὶ
758 2596 879 2676 εἰςτὰς
894 2599 1097 2683 συμμαχίδας
1112 2595 1163 2664 ἰὼν
1178 2592 1223 2663 αὖ
1233 2602 1306 2662 τῶν
1323 2597 1451 2683 tenetes

278 2711 331 2779 τὸν
353 2715 450 2795 σῖτον,
472 2709 527 2775 ubi
548 2709 646 2775 verba
666 2712 799 2779 τότε-
812 2709 915 2780 αὐτῶν
938 2708 996 2776 soli
1018 2717 1186 2776 servarunt
1206 2708 1241 2791 Β,
1267 2729 1300 2790 ιι,
1320 2708 1357 2791 Ι),
1374 2707 1396 2792 Ι,
1411 2708 1463 2790 V„

280 2824 390 2907 ceteri,
408 2822 440 2891 id
457 2833 516 2907 est,
532 2823 639 2912 stirpis
654 2846 676 2911 p
690 2825 829 2907 codices,
847 2845 959 2892 omnes
975 2825 1135 2892 omittunt.

322 3046 341 3129 §
361 3042 392 3111 8.
409 3080 453 3092 -
468 3044 542 3128 Sed,
559 3044 746 3133 priusquam
765 3045 847 3112 hanc
871 3046 911 3112 de
934 3044 1080 3112 codicum
1101 3043 1343 3132 cognationibus
1363 3063 1450 3133 (pire-

280 3159 417 3226 stionem
435 3160 648 3242 absolvamus
670 3160 725 3248 qui
743 3160 861 3226 lactum
877 3163 916 3225 sit
930 3169 982 3241 ut,
1000 3159 1149 3246 quemad
1165 3159 1297 3246 stirpem
1310 3182 1334 3226 c
1349 3171 1450 3227 rettu-

278 3273 410 3340 lerimus
431 3273 575 3341 codicem
597 3275 633 3355 V,
656 3273 683 3340 is
705 3273 738 3339 in
760 3275 831 3341 loco
852 3275 887 3356 V,
910 3273 943 3356 l,
966 3272 1009 3340 13
1029 3281 1094 3340 tam
1116 3274 1277 3341 diversum
1297 3296 1315 3342 a
1335 3275 1450 3342 ceteris

279 3388 423 3475 ejusdem
442 3388 549 3475 stirpis
570 3388 734 3455 codicibus
755 3397 877 3455 textum
898 3388 1055 3471 exhibeat,
1075 3389 1185 3476 paucis
1205 3389 1375 3458 dicendum
1391 3398 1450 3459 ιιι.

278 3502 346 3578 Qua
365 3501 405 3582 de
420 3522 455 3566 re
475 3501 549 3568 satis
565 3510 633 3568 erat
653 3522 690 3567 ea
705 3502 836 3568 laudare
857 3524 929 3589 quae
948 3502 1132 3570 Dindorfius
1151 3504 1184 3568 in
1203 3504 1351 3571 editionis
1367 3504 1449 3573 Oxo-

277 3613 396 3681 niensis
417 3615 603 3702 praefatione
624 3615 743 3704 optime
765 3615 945 3704 disputavit,
962 3617 1022 3684 nisi
1042 3617 1184 3684 viderem
1204 3617 1308 3684 virum
1327 3618 1449 3704 gravis-

278 3730 394 3798 simum
409 3729 671 3818 subtilissimique
685 3729 805 3817 ingenii
819 3731 988 3813 Cobetum,
1007 3733 1150 3800 omnium
1165 3732 1219 3819 qui
1234 3753 1318 3799 nunc
1330 3731 1449 3800 Graecis

277 3843 391 3910 litteris
416 3844 544 3911 student
575 3843 775 3930 magistrum,
803 3864 841 3910 eo
870 3845 1005 3913 fortasse
1024 3847 1147 3933 lapsum
1171 3846 1257 3933 quod
1280 3846 1449 3913 hominum

278 3958 402 4025 animus
417 3959 460 4026 ita
474 3967 588 4026 natura
605 3969 806 4046 comparatus
822 3969 930 4044 estut,
953 3981 1024 4048 quae
1040 3962 1112 4048 quis
1130 3961 1197 4048 ipse
1215 3960 1384 4043 invenerit,
1402 3961 1449 4028 eis

278 4083 396 4160 praeter
413 4083 520 4151 cetera
539 4074 718 4161 indulgeat,
737 4075 839 4142 codici
859 4076 883 4143 ll
903 4085 1026 4144 tantum
1042 4077 1188 4144 tribuisse
1208 4087 1244 4144 ut
1260 4078 1338 4143 duas
1354 4097 1392 4143 ex
1408 4097 1448 4143 eo

278 4186 430 4255 lectiones
446 4188 581 4254 multum
596 4210 614 4254 a
627 4189 741 4255 ceteris
758 4190 921 4258 codicibus
937 4191 1153 4280 discrepantes
1168 4192 1263 4259 etiam
1278 4191 1448 4258 intextum

278 4323 375 4389 quem
395 4303 622 4369 Amstelodami
640 4325 723 4371 anno
745 4304 831 4372 lton
854 4305 952 4372 edidit
973 4306 1169 4394 recipiendas
1189 4326 1257 4374 esse
1276 4305 1445 4394 judicaret.

323 4419 357 4485 ln
376 4420 447 4486 loco
467 4419 566 4506 igitur
585 4420 671 4504 v,.t‚
693 4419 736 4488 13
756 4420 782 4486 si
801 4421 854 4487 illa
874 4442 944 4508 quae
960 4422 1058 4488 codex
1075 4421 1210 4488 Vbabet
1225 4443 1298 4488 cum
1316 4421 1361 4488 eis
1377 4442 1448 4509 quae

223 4571 239 4611 ·.
281 4544 354 4599 sunt
373 4533 407 4600 in
422 4535 553 4622 reliquis
569 4534 732 4602 codicibus
748 4535 934 4618 contuleris,
952 4536 1042 4603 facile
1058 4536 1165 4603 videas
1182 4537 1214 4602 in
1228 4536 1344 4604 ceteris
1360 4537 1447 4603 codi-

252 4668 345 4719 ..oem
363 4649 387 4714 V
402 4669 474 4714 eum
493 4651 619 4736 uulgata
633 4651 776 4718 :lectione
798 4652 998 4738 crementum
1021 4652 1076 4740 ubi
1096 4652 1282 4739 inreliquis
1304 4651 1448 4740 ejusdem
