3382 5482
834 471 1056 535 ..68-

359 615 571 699 ταχίστην.
592 649 636 659 -—
657 610 714 677 llic
735 608 868 678 dubium
891 631 956 677 non
976 620 1024 678 est
1045 610 1123 700 quin
1138 610 1275 678 verbum
1295 609 1425 697 aliquod
1446 609 1531 677 exei-
1565 636 1568 643 ·

358 725 452 808 derit,
469 729 687 797 ἐτακολονὲιεῖν
703 726 751 793 vel
766 730 900 797 έπεσὲιαι
916 725 967 792 vel
982 725 1084 793 simile
1101 726 1189 814 quid.
1209 725 1301 804 Quod
1320 725 1418 793 sensit
1434 724 1530 793 etiam

358 839 476 916 codicis
492 841 517 906 K
532 839 693 923 librarius,
711 840 828 929 quippe
844 838 899 928 qui
915 839 1075 907 addiderit
1099 840 1298 931 ἀπήγαγε.

402 957 434 1042 7,
452 959 484 1025 1.
504 963 665 1045 διωβελίας
681 958 881 1042 Dindorsrus;
895 958 1024 1027 codices
1040 962 1215 1047 διωκελίας,
1232 962 1423 1046 διωκελείοις,
1444 964 1531 1028 δοκε·
1560 981 1562 987 ·

357 1077 455 1155 λείοις.
722 1077 732 1092 ’

402 1197 433 1265 6.
448 1201 503 1267 καὶ
515 1200 598 1287 εἴπερ
613 1202 649 1286 γέ
664 1225 752 1279 τινας
766 1201 840 1285 δέοι,
853 1202 922 1287 περὶ
936 1206 998 1290 τῆς
1012 1198 1197 1287 ἀναιρέσεως
1212 1197 1322 1268 ούδένα
1338 1197 1431 1266 ἄλλον
1447 1198 1531 1282 ἔχειν

357 1311 506 1392 αύτούς
529 1314 739 1384 αἰτιάσασὲιαι
754 1310 859 1405 ἧτού
869 1340 958 1394 τονς
967 1371 975 1401 ,
992 1304 1039 1394 οἷς
1049 1314 1264 1401 ποοσετάχὲιη.
1283 1310 1397 1389 -Qui
1410 1310 1531 1392 αύτούς

354 1426 471 1494 delevit
491 1426 629 1495 Cobetus
650 1447 715 1492 non
739 1425 894 1493 intellexit
916 1426 949 1493 in
970 1425 1117 1494 oratione
1143 1436 1231 1494 recta
1255 1425 1401 1493 futurum
1428 1424 1529 1492 luisse

355 1544 486 1628 ἔχετε,
513 1562 578 1608 non
601 1544 720 1630 ἔχομεν.
748 1542 840 1620 Quod
860 1562 938 1609 vero
958 1544 1033 1624 τούς
1053 1541 1179 1629 scripsit
1198 1561 1261 1628 pro
1278 1528 1419 1628 τούτονς,
1437 1547 1529 1605 recte

354 1653 577 1722 animadvertit
595 1656 765 1723 Holwerda
786 1676 852 1722 non
875 1655 962 1722 idem
976 1657 1083 1723 valere
1099 1656 1175 1737 τούς
1194 1645 1240 1736 οἷς
1256 1657 1310 1744 (ε.-
1329 1675 1381 1721 eos
1395 1652 1528 1741 quibus)

354 1779 449 1857 atque
465 1773 605 1858 τούτους,
628 1763 674 1852 οἷς
692 1770 745 1858 (-·
764 1770 834 1854 laos,
850 1769 994 1858 quibus).
1014 1770 1159 1838 «Notum
1174 1767 1223 1836 est
1237 1778 1346 1836 autem
1362 1766 1527 1849 omnibus,

355 1906 447 1972 pron.
460 1881 550 1966 σύτος
561 1885 736 1953 sexcenties
747 1884 898 1979 usurpari
909 1885 949 1952 ab
966 1885 1015 1969 iis,
1028 1885 1082 1974 qni
1093 1887 1222 1953 oausam
1233 1883 1356 1967 dicunt,
1367 1894 1404 1951 ut
1413 1883 1528 1950 adver-

355 1997 456 2066 sarios
475 1998 664 2085 significent.
693 1999 759 2067 Nec
780 2021 855 2067 raro
874 1998 922 2082 fit,
945 2009 981 2066 ut
1001 2021 1110 2082 voces,
1130 1999 1351 2087 quae'direetae
1372 1977 1539 2066 orationis⁸

354 2113 495 2200 propriae
509 2123 594 2197 sunt,
609 2113 642 2179 in
658 2114 812 2201 suspensa
828 2114 1039 2181 retineantur.
1055 2139 1070 2178 ν

398 2236 452 2305 10.
463 2241 517 2308 καὶ
531 2238 575 2308 τὰ
587 2241 741 2329 χρήματα
754 2245 969 2327 δημοσιεῦσαι,
979 2238 1015 2307 τὸ
1033 2239 1059 2308 δ’
1078 2239 1259 2307 ἐπιδέκατον
1271 2245 1333 2327 τῆς
1345 2242 1421 2307 etot
1434 2234 1525 2306 εἶναι.

352 2391 397 2400 --
412 2351 575 2420 Cebetas:
597 2353 721 2442 δημόσι’
747 2351 836 2440 εἶναι,
860 2353 895 2422 τὸ
916 2355 942 2423 δ’
969 2355 1150 2422 ἐπιδέκατον
1171 2360 1233 2444 τῆς
1252 2359 1338 2422 ἓιεοῦ.
1352 2351 1434 2438 Ege,
1450 2344 1524 2418 eum

352 2466 488 2534 verbum
511 2470 704 2557 δημοσιεύειν
726 2468 767 2534 ab
794 2489 944 2535 sermone
966 2467 1069 2534 Attico
1098 2466 1245 2543 videatur
1277 2487 1347 2534 esse
1371 2465 1524 2557 alienum,

352 2580 457 2666 potius
481 2580 665 2669 scripserim
692 2589 867 2671 δημεῦσαι,
893 2594 927 2649 ut
951 2580 1104 2669 631510
1129 2583 1173 2652 τὰ
1192 2583 1226 2651 δὲ
1244 2584 1396 2672 χρήματα
1424 2581 1525 2651 αὐτοῦ

351 2701 622 2787 δημευῖιῆναι,
648 2694 688 2763 cf.
716 2697 851 2784 Hesyeh.
869 2699 921 2783 (ε
940 2696 1065 2782 Snid.):
1092 2697 1270 2785 δημεύσας·
1294 2697 1522 2784 δημοσιεῦσας,

352 2820 384 2876 et
410 2810 549 2877 eundem
565 2811 617 2897 (=
629 2810 732 2899 Etym.
748 2811 800 2899 M.)
813 2833 820 2878 ἰ
839 2815 1004 2902 δημεύειν·
1024 2811 1059 2881 τὸ
1075 2811 1184 2881 ούσίοιν
1197 2810 1281 2890 τινὸς
1295 2816 1497 2900 δημοσιῶσαι.

395 2930 449 2998 lt.
468 2935 634 3024 παράνομα
649 2936 825 3024 φάσκοντες
840 2938 1093 3024 συγγεγραφέναι.
1107 2933 1265 3000 -Recte
1281 2931 1419 3000 Cobetus
1434 2930 1521 3000 vide-

354 3056 407 3114 tur
422 3046 602 3135 reposuisse
628 3051 885 3138 γεγραφέναι.

394 3168 448 3236 13.
462 3171 517 3240 ἐὰν
532 3172 576 3263 μη
593 3171 697 3260 ἀφῶσι
712 3171 771 3262 rip
793 3178 941 3261 κλῆσιν
960 3169 1240 3258 Wytterrbachius3
1257 3169 1352 3238 codd,
1376 3171 1522 3259 ἐκκλη·
1579 3178 1583 3185 ’

350 3287 393 3353 σί
398 3312 453 3355 αν.
1108 3289 1109 3294 ’

394 3405 691 3497 19.ημαοτηκύτας
713 3408 763 3476 τὰ
787 3411 962 3496 μέγιστα
985 3410 1043 3488 εἰς
1066 3408 1161 3488 δεούς
1174 3434 1211 3476 τε
1224 3410 1280 3476 καὶ
1303 3407 1390 3495 ὑμᾶς
1405 3406 1523 3487 αύτούς

353 3519 479 3602 Morus;
496 3521 588 3587 codd.
618 3525 677 3602 τίς
699 3521 748 3590 τὰ
773 3525 957 3611 μέγιστα.

393 3640 685 3713 tentamento
709 3645 755 3724 εἰς
778 3644 813 3712 τὸ
839 3645 994 3733 βάραθρον
1017 3646 1279 3733 έμβληδέντα
1301 3641 1457 3711 Dobraeus
1482 3663 1522 3710 ex

347 3756 568 3844 Aristophanis
582 3756 762 3840 scholiasta,
779 3757 863 3824 Eecl.
882 3756 970 3824 1089
989 3779 996 3822 ;
1017 3760 1156 3846 Ξενοφῶν
1169 3760 1203 3827 δὲ
1223 3757 1344 3838 ιείς,τὸ
1362 3759 1520 3846 neptam

348 3875 547 3962 έμβληὶιέντα
562 3873 774 3960 ἀποὲισινεῖν));
791 3872 885 3939 codd.
912 3873 1231 3943 ἀποδανύντα-
1246 3874 1518 3961 ἐμβληὲιῆναι.

391 3984 445 4051 al.
462 3988 588 4076 αίσγρύν
604 3990 658 4076 μοί
672 3988 765 4056 ἐστιν.
785 4025 828 4037 -
842 3987 970 4075 αἰσχρὸν
995 3985 1111 4076 [γάρ]
1135 3987 1293 4054 Brodoetts
1309 3985 1321 4073 (
1335 3985 1358 4073 ).

391 4097 446 4164 22.
465 4108 556 4170 τοῦτο
572 4102 598 4169 δ’
617 4104 645 4170 εί
665 4103 827 4185 βούλεσξιε.
843 4141 884 4154 -
902 4104 930 4170 εί
953 4100 1049 4192 [μή]
1078 4099 1332 4188 Goldtapentus.

391 4219 445 4288 tl.
469 4225 524 4291 καὶ
546 4223 604 4292 οῦκ
629 4223 810 4305 ἀδικοῦντες
831 4224 1084 4294 &nolueram—
1100 4208 1261 4312 Scriptum
1278 4223 1405 4290 videtur
1419 4221 1518 4290 fuisse

347 4337 418 4406 ούκ
447 4337 614 4426 ἀδίκως,
647 4338 733 4424 qnod
756 4358 773 4404 e
794 4338 939 4425 margine
963 4339 1202 4407 Leunclavianae
1223 4339 1363 4407 Cobetus
1386 4339 1518 4426 recepit.

345 4450 460 4524 Mirum
477 4460 525 4518 est
542 4473 617 4519 vero
639 4453 726 4540 quod
745 4452 917 4520 absurdam
939 4453 1111 4522 lectionem
1136 4455 1318 4536 ἀδικοῦντες
1330 4463 1365 4521 et
1379 4453 1518 4520 Dindor-

380 4743 409 4806 (ν
430 4747 463 4796 ue
479 4747 591 4798 noenu
605 4748 717 4813 narrant,
735 4751 750 4799 ι.
768 4747 817 4814 ιιι,
832 4763 859 4812 ιι,
876 4761 898 4811 ρ.
919 4749 962 4799 ιιι
981 4761 1017 4810 sq.
1125 4721 1127 4724 ’
1170 4779 1174 4788 .
