3382 5482
783 418 1006 483 ..50-

309 561 415 648 ἐληγεν
429 557 532 647 (005),
552 561 582 629 ἐν
600 552 632 628 ῶι
655 566 799 649 μεσοῦντι
815 568 879 626 Διο-

308 665 410 744 νόσιος
439 664 454 733 ό
478 665 713 753 Ἑρμοκράτους
739 665 879 752 Συρακό-

309 795 375 849 σιος
394 771 590 859 ἐτυράννησε,
613 772 712 859 μάχη
735 771 789 859 μὲν
806 771 878 858 πρό-

308 901 393 963 τερον
418 875 623 966 ἡττηθέντων
653 875 712 944 ὑπό
744 883 880 962 Συρακο-

309 984 381 1050 σίων
424 983 653 1070 Καρχηδονίων,
696 983 807 1051 σπάνει
846 982 880 1050 δὲ

309 1089 394 1155 σίτου
419 1089 547 1156 ἑλόντων
563 1088 777 1175 Ἀκράγαντα,
801 1089 881 1157 ἐκλι-

309 1193 425 1260 πόντων
437 1200 496 1260 τῶν
506 1200 702 1261 Σικελιωτῶν
710 1201 770 1283 τῆν
777 1195 877 1264 πόλιν.

354 1297 396 1379 ΙΙ,
417 1296 456 1380 3,
473 1296 494 1362 5
514 1300 544 1368 ἐν
565 1299 598 1366 δὲ
619 1306 671 1366 τῶι
692 1298 787 1367 αὐτῶ
809 1300 880 1387 χρό-
952 1297 1111 1366 Diodorus
1128 1298 1218 1386 (XIII,
1236 1299 1301 1370 108
1319 1301 1401 1390 sqq.)
1421 1301 1485 1370 hoc

250 1387 259 1402 ’
309 1411 357 1473 νῶι
379 1403 470 1492 (nen)
491 1407 546 1473 καλ
568 1405 722 1484 Δισνόσιος
745 1404 760 1472 ὁ
783 1413 882 1493 Συρα-
908 1404 1028 1472 suetum
1043 1426 1113 1472 esse
1130 1405 1241 1474 scribit
1255 1427 1339 1474 anno
1355 1405 1432 1477 405.

310 1512 415 1592 κόσιος
436 1513 581 1600 τόραννος
606 1512 704 1600 μάχη
725 1510 882 1600 ηττηῖιεὶς

310 1617 370 1686 ὑπὸ
387 1620 604 1706 Καρχηδονίων
624 1620 725 1686 Γέλαν
744 1619 799 1686 καὶ
817 1624 883 1685 Κα-

312 1725 441 1812 μάριναν
458 1723 611 1794 άπῶλεσε.

354 1828 434 1896 Μετ’
464 1828 563 1915 ὀλίγον
589 1829 622 1897 δέ
648 1830 702 1898 καὶ
728 1834 882 1898 Λεοντῖνοι
953 1825 998 1895 cf.
1017 1826 1110 1894 Diod.
1131 1828 1222 1915 (XIV,
1239 1826 1308 1914 15),
1325 1827 1384 1894 sub
1399 1847 1483 1894 anno

311 1937 514 2022 Συρακοσίοις
553 1942 777 2020 συνοικοῦντεςἸ
806 1934 881 2004 άπέ-
909 1930 986 2002 403.

311 2064 431 2127 στησαν
447 2041 493 2118 εἰς
513 2037 573 2128 την
591 2038 693 2108 αὑτῶν
711 2041 799 2108 πόλιν
819 2039 880 2109 άπὸ

312 2146 464 2214 Διονυσίου
480 2147 535 2214 καὶ
550 2147 757 2234 Συρακοσίων.

354 2256 559 2340 Παραχρῆμα
578 2251 612 2319 δὲ
631 2252 686 2320 καὶ
703 2253 731 2319 σί
746 2251 884 2340 Συρακό-
954 2251 1021 2317 Hoc
1031 2249 1108 2338 quid
1117 2246 1177 2316 sibi
1186 2247 1327 2337 velitper
1336 2269 1370 2315 se
1379 2247 1487 2337 ipsum

310 2381 372 2424 σιοι
392 2358 498 2436 ἱππεῖς
513 2354 573 2424 ὑπὸ
592 2358 744 2426 Διονυσίου
760 2359 882 2439 εἰςΚα-
910 2354 1052 2442 intellegi
1083 2376 1149 2421 non
1172 2363 1299 2442 potest;
1330 2355 1488 2423 videndus

312 2463 409 2551 τάνην
427 2461 667 2551 ἀπεστάλησαν.
808 2474 814 2484 ’
911 2470 958 2528 est
975 2461 1014 2528 de
1032 2481 1069 2527 ea
1084 2482 1120 2527 re
1136 2461 1228 2530 Diod.
1240 2460 1330 2548 (XIV,
1346 2461 1400 2528 ili.
1416 2461 1473 2551 15)

549 2600 552 2604 *
912 2567 970 2634 sub
987 2588 1071 2634 anno
1086 2566 1165 2637 ίιο3.

356 2697 460 2766 Ceteri
475 2720 552 2766 vern
568 2699 630 2766 leci
646 2698 764 2766 similes
778 2699 812 2766 hi
825 2710 899 2768 sunt
916 2723 923 2767 :

356 2813 380 2895 Ι,
397 2811 429 2895 0,
445 2810 488 2880 10
501 2815 556 2883 καὶ
569 2813 584 2883 ό
603 2809 744 2896 ἐνιαυτός
759 2818 866 2904 ἔληγεν
880 2810 986 2903 οῶτος,
1005 2818 1036 2886 ἐν
1052 2809 1083 2885 ῶι
1101 2818 1156 2885 καὶ
1170 2822 1275 2906 Μῆδοι
1286 2814 1349 2885 άπὸ
1361 2818 1486 2905 Δαρείου

312 2936 366 2999 τοῶ
382 2934 508 3019 Περσῶν
524 2933 676 3014 βασιλέως
693 2929 891 3012 ἀποστάντες
904 2933 999 3001 πάλιν
1015 2933 1251 3020 προσεχώρησαν
1267 2931 1376 3001 αότῶ..

356 3042 389 3126 3,
412 3043 428 3109 ί
452 3045 552 3115 τοῦδ’
576 3047 715 3127 ἐπιόντος
735 3049 822 3127 ἔτους
842 3046 857 3116 ό
880 3048 911 3116 ἐν
929 3049 1069 3116 Φωκαίαι
1090 3045 1165 3127 νεῶς
1184 3052 1247 3136 τῆς
1262 3045 1408 3135 ’Δὲηνᾶς
1428 3047 1488 3115 ἐνε-

311 3161 441 3249 πρήσὲιη
456 3167 632 3251 πρηστῆρος
648 3162 846 3250 ἐμπεσόντος.
1400 3173 1406 3181 ”

311 3317 313 3322 -
344 3254 389 3355 Ι0,
407 3272 423 3338 ί
445 3267 476 3342 ιλ
493 3271 517 3365 η’
530 3302 565 3342 τε
579 3275 694 3364 σελήνη
711 3277 847 3357 ἐξέλιπεν
864 3277 998 3363 ἑσπέρας
1011 3277 1066 3344 καλ
1085 3274 1100 3343 ό
1116 3274 1252 3356 παλαιός
1263 3281 1326 3364 τῆς
1341 3273 1487 3362 ’Δὲιηνάς

312 3387 387 3467 νεῶς
402 3389 432 3456 έν
446 3388 604 3478 Ἀἰνηναις
616 3390 805 3479 ἐνεπρήσὲνη.

357 3500 394 3582 ll,
421 3500 454 3582 ί,
481 3499 537 3567 8-0
562 3503 725 3585 τοότωιῶὲ
749 3513 801 3573 τῶι
822 3506 959 3573 ε’νιαυτῶι
983 3506 1039 3573 καὶ
1063 3510 1168 3591 Κῦρος
1190 3503 1370 3573 ἀπέκτεινεν
1391 3501 1487 3573 Δῶτο-

313 3615 461 3703 βοισάκην
476 3623 550 3681 cett.
567 3653 612 3663 -
625 3619 755 3706 πέμψας
771 3617 930 3705 ἀγγέλους.

358 3727 391 3811 ’3,
407 3727 430 3794 lt
444 3729 531 3798 κατὰ
545 3731 578 3799 δὲ
593 3738 701 3800 τοῦτον
715 3732 768 3801 τὸν
782 3734 946 3821 καιρόν-
960 3732 1093 3814 πολλοὺς
1109 3732 1299 3803 ἀπέκτεινεν.

357 3861 479 3927 Herum
495 3860 556 3928 alia
576 3883 636 3949 per
656 3883 690 3929 se
711 3862 780 3952 ipsa
795 3862 925 3951 quidem
940 3871 1027 3931 reete
1042 3862 1192 3930 videntur
1206 3860 1344 3943 habere,
1359 3859 1420 3926 alia
1436 3880 1490 3926 su··

314 3973 490 4063 spinionem
512 3985 652 4049 movent.
670 3977 706 4044 ln
721 3977 792 4046 loeo
807 3977 841 4061 3,
859 3978 875 4044 i
894 3977 1013 4044 mirum
1027 3985 1074 4045 est
1089 3976 1177 4065 quod
1193 3975 1237 4044 ita
1248 3997 1345 4064 parva
1355 3995 1407 4042 res
1418 3975 1483 4042 sola

314 4109 373 4176 per
394 4109 427 4155 se
451 4097 550 4156 totam
573 4090 824 4159 enuntiationem
845 4091 985 4160 efficiat:
1008 4091 1129 4158 rectius
1149 4090 1181 4157 in
1202 4077 1355 4174 100001
1375 4087 1486 4156 similis

314 4223 366 4269 res
381 4203 619 4290 peurelativam
642 4206 895 4275 enuntiationem
921 4207 1082 4276 effertur:
1111 4214 1163 4276 τῶι
1197 4206 1223 4276 δ’
1256 4206 1373 4275 ἐπιόντι
1403 4207 1484 4291 ἔτει,

314 4311 346 4386 ῶι
368 4327 440 4384 eett.
459 4317 609 4386 Ceterum
630 4330 684 4392 τοῦ
709 4322 735 4392 δ’
762 4325 902 4404 ἐπιόντος
924 4325 1012 4404 ἔτους
1035 4329 1108 4389 eett.
1138 4319 1234 4387 etiam
1253 4326 1386 4408 propter
1406 4316 1487 4384 illud
1555 4392 1568 4411 ο

313 4432 400 4520 quod
416 4433 561 4522 sequitur
576 4437 644 4506 ἐπεὶ
658 4437 684 4507 δ’
704 4437 719 4507 ό
735 4440 850 4527 χείμων
866 4440 958 4526 ἔληγε
974 4435 1053 4503 mihi
1069 4444 1253 4523 suspectum
1269 4443 1317 4502 est
1334 4433 1383 4523 ().

315 4563 525 4575 *—

349 4621 379 4687 γ’)
391 4621 479 4676 Mirum
494 4625 553 4677 mihi
566 4625 664 4678 videtur
677 4625 751 4678 etiam
776 4633 850 4690 ιαμ,
874 4637 1031 4690 antemi.
1056 4622 1121 4688 quod
1135 4625 1161 4675 et
1177 4622 1260 4689 ipsum
1273 4621 1357 4674 neseio
1369 4633 1400 4672 an
1415 4619 1486 4671 addi·

314 4712 398 4764 tioium
413 4712 455 4764 sit.
