3382 5482
785 439 1010 501 ...66-

310 577 362 643 hie
379 576 533 644 excidisse
556 587 665 666 putat;
690 577 844 665 scriptum
867 586 974 644 autem
993 576 1091 643 fuisse
1110 577 1250 656 Κόνωνος
1263 578 1297 644 δέ
1301 627 1411 663 ........
1429 574 1484 662 qui

311 691 430 759 seilicet
443 693 608 780 portaticus
625 694 790 760 absolutus
804 692 911 760 fuerit.

355 806 387 889 6,
405 805 457 874 15.
483 808 616 876 κατιδὼν
632 811 665 878 δὲ
680 808 776 877 αότόν
792 808 979 896 ἀναγόμενον
994 805 1064 895 ἅμα
1079 814 1129 895 τῆν
1144 806 1256 896 ἡμέραι
1273 807 1396 875 ἐδίωκεν
1413 806 1484 876 όπο·

279 966 293 992 ι
310 924 495 1011 τεμνόμενος
516 921 570 990 τόν
590 925 635 1003 εἰς
657 924 767 1010 Σάμον
784 929 890 1009 πλοῦν,
917 919 1019 1002 όπως
1043 920 1094 1011 μή
1119 923 1255 990 ἐκεῖσε
1283 921 1408 1009 φόγηι.
1438 959 1484 968 -·

311 1034 413 1104 Verba
429 1035 498 1101 haec
514 1034 701 1101 deleverunt
715 1044 746 1100 ct
763 1033 904 1101 Cobetus
920 1043 952 1101 et
972 1033 1168 1101 Dindorsms.
1185 1034 1250 1101 Nec
1265 1055 1342 1101 vero
1358 1055 1396 1100 ex
1410 1034 1481 1102 loco

312 1149 414 1216 Photii
440 1149 494 1237 (cf.
522 1171 553 1236 p.
582 1147 637 1235 99)
664 1169 760 1236 quem
783 1148 965 1216 Dindorfius
992 1148 1085 1215 affert
1108 1147 1141 1213 in
1166 1149 1257 1235 prael.
1280 1150 1331 1215 ed.
1358 1149 1481 1216 Teubn.

311 1274 359 1352 (p.
384 1264 442 1352 vu)
469 1263 640 1351 quiequam
665 1263 748 1331 effici
771 1273 903 1351 potest:
931 1285 1020 1348 nam,
1047 1264 1134 1350 quod
1159 1262 1212 1330 ille
1238 1263 1484 1354 ὑποτεμνόμενος

311 1400 373 1444 non
407 1377 580 1461 intellexit,
611 1378 697 1466 quod
729 1378 875 1466 profecto
912 1377 1137 1461 intellexisset,
1164 1376 1190 1444 si
1223 1376 1366 1444 additum
1399 1386 1484 1445 esset

311 1492 393 1575 ὅπως
407 1533 451 1542 -
474 1495 577 1584 φύγηι,
604 1494 739 1561 sortasse
760 1515 825 1560 non
848 1493 947 1581 ipsius
967 1492 1188 1581 Xenophontis
1208 1501 1330 1560 textum
1350 1492 1483 1559 Pbotius

310 1617 383 1674 ante
415 1608 525 1675 oexxlos
555 1607 678 1674 habuit.
715 1608 839 1696 ltaque,
861 1608 964 1675 sintne
989 1608 1088 1675 verba
1111 1607 1164 1674 illa
1193 1606 1413 1694 Xenophontis
1443 1627 1484 1672 an

312 1722 507 1806 scholiastae,
525 1743 586 1809 ego
601 1722 762 1790 affirmare
778 1744 844 1789 non
859 1723 969 1792 ausim.

355 1835 409 1903 16.
426 1840 481 1906 καὶ
500 1837 556 1906 σόν
575 1838 669 1907 αὐτῶν
687 1845 746 1906 τῶν
761 1841 838 1907 δέκα
851 1845 1032 1928 στρατηγῶν
1049 1839 1483 1927 Δόωνκα1Ἐρασινίδης.-

311 1950 388 2018 llira
410 1950 443 2015 in
465 1950 514 2017 his
536 1949 663 2018 videtur
685 1950 783 2018 fuisse
806 1951 1028 2038 Xenophontis
1049 1951 1266 2038 neglegentia,
1290 1934 1346 2039 qui
1369 1951 1482 2032 multa,

312 2085 382 2152 quac
407 2064 540 2133 dicenda
566 2075 667 2149 erant,
694 2065 849 2149 omiserit,
874 2066 935 2132 nisi
960 2065 1133 2133 autetiam
1158 2065 1190 2132 in
1215 2066 1276 2132 hac
1300 2064 1483 2132 narratione

311 2181 440 2250 lacunas
462 2203 530 2248 esse
554 2183 666 2249 credas
688 2190 742 2248 aut
765 2179 798 2246 in
821 2180 928 2267 priore
945 2191 1031 2247 certe
1052 2180 1237 2248 Hellenicon
1258 2188 1348 2267 parte
1362 2181 1485 2269 buech-

311 2295 532 2365 senschuetzio
548 2296 735 2378 assentiare,
747 2295 801 2383 qui
817 2295 1063 2383 Xenophontem
1075 2302 1166 2382 putat
1178 2293 1343 2360 Hellenica
1353 2295 1484 2361 vixdum

310 2411 457 2479 incohata
474 2409 641 2497 reliquisse
656 2431 772 2498 neque,
792 2430 913 2477 cumea
933 2409 1101 2491 scriberet,
1112 2430 1188 2476 rere
1206 2408 1373 2476 historiam
1383 2408 1483 2496 scrip-

312 2526 401 2608 sisse,
417 2520 480 2592 sed
489 2534 611 2592 tantum
626 2525 792 2612 collegisse
809 2545 880 2612 quae
895 2524 934 2590 ad
950 2524 1209 2611 componendam
1222 2523 1388 2590 historiam
1399 2544 1480 2611 opus

312 2649 428 2705 essent.
454 2638 512 2705 llic
533 2637 632 2723 igitur
653 2639 825 2705 dicendum
849 2637 907 2705 luit
930 2647 961 2704 et
984 2639 1225 2721 Archestratum
1254 2658 1327 2705 curn
1353 2637 1483 2705 Conone

314 2753 508 2836 luisse,ou1n
523 2753 575 2819 hic
590 2753 750 2840 llytilenas
765 2754 965 2840 conlegerat,
983 2762 1078 2840 atque
1095 2754 1233 2820 eundem
1250 2752 1295 2818 ibi
1310 2773 1379 2819 esse
1394 2772 1483 2818 mor-

314 2876 402 2935 tuum
424 2869 464 2952 (v.
487 2866 623 2956 Lysiam,
641 2869 752 2938 Ἀπολ.
774 2875 930 2958 topatus,
952 2867 998 2955 8),
1019 2879 1051 2935 et
1066 2867 1277 2950 Erasinidem
1295 2845 1391 2954 quem
1405 2871 1424 2954 §
1439 2865 1481 2934 19

313 2984 353 3050 ad
366 2983 539 3070 Arginusas
556 3003 699 3070 pugnare
715 2982 871 3066 videmus,
888 2982 920 3048 iu
935 3003 972 3049 ea
987 3003 1067 3050 nave
1083 2983 1182 3050 fuisse
1197 3003 1269 3071 quae
1280 2982 1482 3050 Lacedaemo-

311 3097 440 3165 niorum
455 3118 569 3164 manus
585 3096 696 3184 effugit
710 3096 752 3184 (ν.
769 3097 892 3186 Lysiam
908 3099 929 3164 l.
948 3099 1005 3184 l.);
1027 3099 1113 3165 Leon
1128 3119 1206 3165 xero
1222 3118 1296 3165 cum
1311 3096 1364 3164 hic
1378 3097 1483 3164 solum

315 3223 347 3281 et
361 3213 393 3296 5,
410 3213 453 3280 16
468 3212 552 3279 inter
568 3222 725 3298 strategos
745 3222 955 3294 memoretur,
970 3214 1049 3279 loco
1070 3233 1148 3280 vero
1170 3212 1289 3300 qui-est
1304 3211 1335 3295 7,
1353 3211 1407 3278 LX
1422 3233 1482 3301 pro

308 3330 433 3417 ¹Leonte
449 3327 634 3395 nominetur
656 3327 774 3414 Lysias,
793 3327 848 3415 qui
866 3327 961 3394 etiam
977 3326 1008 3410 6,
1025 3325 1068 3394 99
1084 3327 1225 3394 occurrit
1240 3327 1380 3413 itemque
1398 3327 1483 3413 apud

313 3443 489 3510 Diodorum
503 3442 582 3526 Xlll,
599 3440 652 3508 71.
672 3441 726 3510 99.
744 3441 804 3508 191
825 3441 899 3529 (nisi
914 3443 1001 3531 quod
1019 3463 1087 3530 cap.
1107 3437 1150 3508 71
1167 3441 1484 3530 scriptumestlibra-

314 3557 353 3623 rii
368 3578 479 3624 errore
495 3558 676 3644 Λυσανίαν),
694 3558 823 3623 luerunt
839 3556 894 3644 qui
910 3566 941 3624 et
955 3556 987 3641 5,
1004 3556 1047 3624 16
1063 3565 1094 3624 et
1109 3555 1161 3624 hic
1176 3556 1275 3645 Lysiae
1289 3576 1408 3622 nomen
1421 3577 1482 3643 pro

313 3672 441 3738 Leontis
457 3673 573 3739 vellent
593 3671 738 3738 inferre:
763 3672 850 3759 quod
872 3693 910 3739 eo
933 3672 1038 3738 minus
1060 3671 1225 3759 probabile
1248 3670 1375 3738 videtur
1395 3669 1482 3758 quod

314 3786 368 3875 qui
388 3785 483 3875 hujus
505 3787 567 3854 loci
590 3785 734 3852 meminit
757 3784 903 3852 Aristidis
927 3786 1123 3869 scholiastes,
1145 3787 1297 3868 Panath,
1319 3784 1399 3867 161,
1425 3783 1480 3867 19,

313 3901 441 3970 Leontis
456 3923 574 3969 nomen
587 3900 695 3983 habet,
713 3922 777 3967 uon
791 3899 889 3989 Lysiae
899 3924 907 3984 ;
925 3911 1002 3988 puto
1019 3900 1118 3987 igitur
1134 3920 1207 3968 cum
1228 3902 1381 3967 Leontem
1392 3899 1425 3964 in
1445 3919 1482 3965 ea

314 4038 393 4084 naue
425 4017 521 4084 fuisse
547 4038 618 4104 quae
647 4016 686 4083 ab
713 4014 960 4084 Lacedaemoniis
986 4025 1076 4103 capta
1102 4025 1164 4098 cst,
1182 4022 1252 4082 tbm
1275 4013 1398 4103 Lysiam
1422 4035 1482 4101 pro

314 4132 518 4197 Archestrato
538 4131 707 4197 suffectum
730 4153 798 4198 csse
809 4155 817 4214 ;
844 4152 967 4198 errasse
987 4152 1064 4198 vero
1084 4130 1261 4198 Diodorum
1275 4129 1330 4219 qui
1343 4129 1421 4211 Xlll,
1440 4127 1484 4195 71

313 4247 554 4313 hrchcstratum
569 4245 663 4312 simul
679 4255 710 4312 et
724 4245 848 4333 Lysiam
863 4246 1099 4313 memoraverit.

358 4360 438 4426 lbid.
456 4361 518 4427 Pro
541 4361 652 4431 ἑκατόν
671 4364 726 4431 καὶ
752 4364 964 4452 ἑβδομήκοντα
984 4361 1053 4450 (pe‘)
1070 4363 1294 4448 reponendum
1308 4341 1357 4428 est
1372 4360 1484 4430 ἑκατόν

313 4479 367 4545 καὶ
382 4478 619 4564 τετταράκοντα
635 4476 725 4565 (pyx'),
742 4476 813 4542 viclo
829 4479 848 4561 6
862 4474 894 4559 3,
912 4486 942 4542 et
957 4477 998 4543 cf.
1016 4474 1120 4562 6617.
1141 4476 1195 4544 ab.

358 4588 413 4657 17.
432 4593 537 4660 Κόνων
561 4594 594 4661 δὲ
616 4591 657 4673 ὦς
682 4594 766 4681 {phu
796 4591 855 4662 ὑπό
882 4598 940 4659 τῶν
968 4595 1121 4681 πολεμίων
1136 4591 1262 4679 (margo
1284 4589 1480 4672 Leunclavii3

229 4745 232 4754 ·
311 4705 406 4771 codd.
432 4707 837 4796 πολιτῶν1κατακωλνὲνεός
858 4714 932 4772 cett.
956 4745 1000 4754 -
1023 4706 1104 4784 Ouid
1126 4707 1232 4773 lacere
1248 4705 1428 4794 prohibitus
1443 4704 1482 4770 sit
