3382 5482
688 516 733 525 -
779 481 820 544 93
865 515 910 526 ..

216 642 312 712 quem
335 627 505 688 exstarent.
531 617 608 697 Ouae
629 638 684 686 res
698 639 803 707 neque
819 618 968 707 cuiquam
984 617 1065 685 mira
1078 629 1184 707 petest
1200 619 1300 688 videri
1315 621 1381 709 qui,
1440 708 1444 719 .

215 737 362 826 quotiens
375 741 408 801 in
426 733 540 802 talibus
556 732 755 822 grammatici
770 733 958 817 erraverint,
981 734 1175 819 meminerit,
1191 757 1308 823 neque,
1324 757 1383 804 cur

214 852 259 919 illi
281 851 344 919 leci
364 850 471 938 petius
486 851 525 917 ad
544 848 706 916 Helleniea
728 850 886 937 quemad
901 849 987 916 aliud
1004 849 1138 937 quodvis
1162 851 1382 939 Xenophontis

215 989 296 1054 opus
325 964 486 1033 referendi
514 964 587 1048 sint,
619 962 814 1050 intellegitur
840 963 889 1050 (¹).
921 963 983 1032 Sed
1012 963 1108 1031 etiam
1138 985 1175 1031 ea
1204 964 1382 1051 colligenda

147 1069 151 1077 ⁴
216 1091 306 1148 erent.
336 1102 407 1168 quae
421 1079 461 1147 ab
478 1079 689 1168 scriptoribus
707 1077 846 1166 antiquis
863 1099 923 1168 pre
945 1079 1187 1166 Xenophonteis
1204 1089 1381 1146 memorate

215 1195 248 1262 in
260 1195 431 1263 Hellenicis
445 1216 516 1282 quae
531 1194 688 1262 habemus
698 1194 881 1262 etiamnunc
890 1195 1094 1281 legerentur3
1112 1194 1291 1284 cujusmodi
1306 1194 1380 1278 loci,

215 1333 296 1414 ques
312 1310 462 1402 equidem
478 1309 668 1393 notaverim,
684 1309 717 1375 hi
733 1319 806 1377 sunt
823 1331 831 1376 :

259 1452 282 1534 Ι,
297 1451 340 1535 d,
363 1449 406 1516 Ἠ
426 1453 583 1537 ἐτείχισαν
600 1449 703 1541 αὐτην
729 1452 784 1519 καὶ
856 1451 884 1536 (ό
905 1452 1057 1542 Ξενοφῶν)
1073 1453 1104 1520 ἐν
1119 1460 1169 1542 τῆι
1188 1454 1303 1541 πρῶτηι
1323 1460 1382 1521 τῶν

214 1560 450 1647 δεκατευτήριον
476 1559 716 1627 κατεσκεύασαν
744 1555 779 1643 (ί.
813 1557 1005 1647 Ἑλληνικῶν
1025 1585 1103 1649 φησι
1122 1561 1191 1646 περὶ
1209 1559 1314 1648 αὐτῆς
1332 1557 1381 1627 ότι

213 1662 427 1752 κατέστησαν)
441 1664 472 1732 ἐν
486 1662 580 1753 αότῆι
596 1666 652 1732 καὶ
665 1662 725 1753 την
739 1669 785 1732 δε·
814 1664 1019 1754 Ἀλκιβιάδης
1048 1664 1252 1751 ἀποτειχίσας
1280 1664 1382 1755 αὐτην

213 1771 315 1860 κάτην
327 1772 463 1857 ἐξέλεγον
475 1776 534 1837 τῶν
547 1771 583 1838 ἐκ
596 1777 651 1839 τοῦ
664 1771 783 1839 Πόντον
812 1773 1049 1862 δεκατευτήριον
1088 1772 1119 1840 ἐν
1157 1769 1250 1861 αότῆι
1289 1774 1382 1840 κατέ·

214 1878 335 1947 πλοίων.
812 1904 932 1967 στησε·
953 1878 1016 1959 τοὶς
1033 1878 1093 1966 γὰρ
1114 1879 1253 1957 δεκάτας
1269 1881 1297 1946 οἱ
1318 1877 1379 1947 ἀπό

811 1989 866 2051 τοῶ
876 1985 996 2052 Πόντον
1012 1986 1156 2063 πλέοντες
1171 1984 1202 2051 ἐν
1215 1982 1309 2072 adver
1325 2010 1383 2052 πα·

813 2094 910 2176 ρεῖχον
928 2087 1100 2174 (Socrates,
1115 2088 1194 2154 Hist.
1216 2088 1380 2170 eecl.‚Vil,

764 2184 770 2193 ’
812 2192 866 2276 25,
883 2215 914 2280 p.
932 2191 1009 2277 374,
1026 2191 1071 2279 8).

258 2295 301 2365 30
316 2298 506 2369 ἀνεκοινοῦτο
523 2298 558 2386 (l.
576 2299 780 2386 άνεξυνοῦτο).
858 2301 997 2432 Ξενοφῶν
1017 2301 1051 2368 δὲ
1070 2302 1126 2368 καὶ
1145 2300 1381 2382 άνεξιινοῶτο
1462 2316 1465 2320 ’

255 2428 257 2431 ’
812 2407 930 2493 εἴρηκεν
945 2407 976 2474 ἐν
990 2431 1062 2486 ταις
1076 2405 1282 2494 Ελληνικαις
1297 2403 1382 2491 (Sui-

738 2530 740 2534 ·
811 2511 880 2599 daS,
896 2533 921 2578 ι.
939 2535 969 2580 v.
989 2511 1285 2598 άνακοινῶσασὲιαι).
1398 2505 1401 2509 ’
1444 2517 1446 2520 ⁴

209 2613 300 2682 37
330 2642 386 2704 στρ
388 2618 578 2699 ατείσαντες
606 2619 657 2688 ἐπι
689 2627 783 2688 Σικε·
856 2617 965 2706 steph.
978 2618 1050 2706 Byz
1060 2638 1130 2685 rme
1147 2621 1307 2707 Χείμεραῑ
1327 2619 1383 2694 Ξε-

212 2723 281 2791 λίαν
296 2730 370 2788 θθῐῑ
811 2732 906 2816 νοφῶν
914 2725 1249 2812 Ελληνικῶνπρῶτιι·
1266 2746 1381 2812 ιστρα-

514 2907 521 2916 ,
810 2830 988 2910 τείοντεςδ
1002 2831 1052 2899 ἐπὶ
1062 2832 1212 2899 Σικελίαν
1222 2837 1297 2895 cett.
1307 2829 1378 2913 (²).»

257 2933 289 3016 6,
316 2932 359 3001 16
383 2934 629 3026 ὑποτεμνόμενος
657 2937 710 3006 τόν
737 2941 783 3019 εἰς
854 2935 1100 3023 ὑποτεμνόμενος
1114 2934 1168 3003 τόν
1182 2940 1287 3020 πλοῶν,
1308 2933 1380 3002 ἀντὶ

212 3043 322 3129 Σάμον
336 3049 439 3112 πλοῶν.
810 3048 864 3110 τοῦ
910 3041 996 3109 ιδιά
1034 3047 1093 3108 τῶν
1136 3040 1403 3127 σιιντομωτοίτων

159 3145 163 3154 ’
809 3149 908 3216 πλόων
922 3168 952 3233 ν,
965 3149 1022 3228 ,ίνα
1040 3147 1216 3233 καταλάβηι
1236 3144 1290 3213 τόν
1313 3150 1382 3213 διω-

809 3254 959 3341 κόμενον·
986 3250 1084 3332 οίίτως
1118 3253 1258 3342 Ξενοφῶν
1289 3276 1383 3340 φησιν

811 3359 914 3445 (Phot.
932 3378 958 3423 s.
975 3355 1030 3444 α).

853 3467 1024 3554 παρίστησι
1052 3463 1087 3532 δὲ
1114 3469 1205 3532 τοῦτο
1234 3467 1341 3549 σαφῶς
1365 3460 1379 3529 ό

301 3662 305 3670 ν
812 3571 951 3661 Ξενοφῶν
987 3571 1019 3638 ἐν
1059 3570 1204 3658 πρῶτωι
1236 3566 1382 3655 Ἕλληνι·

256 3675 288 3761 7,
308 3677 353 3744 14
371 3687 430 3748 τῶν
449 3680 482 3748 δὲ
501 3680 678 3767 πρυτάνεων
693 3687 782 3749 τινῶν
809 3686 885 3765 κῶν,
903 3679 1043 3757 ε’κτιὲιεὶς
1057 3670 1134 3745 dte·
1156 3682 1250 3745 «Τῶν
1264 3675 1298 3742 δὲ
1312 3699 1382 3762 προ·

211 3784 244 3854 oi
261 3786 442 3875 φασκόντων
456 3787 627 3876 προλήσειν
642 3786 701 3875 την
715 3792 781 3855 δια·
810 3785 925 3852 τάνεων
941 3789 1015 3847 cett.

210 3892 345 3981 ψηφισιν
369 3891 455 3979 παρὰ
476 3890 530 3959 τόν
552 3893 660 3979 νόμον,
685 3885 783 3972 adiere
854 3887 929 3969 τοίις
942 3889 1053 3975 νόμους

210 3998 398 4077 Καλλίξενος
410 3994 531 4081 ἀναβάς
545 3997 714 4085 κατηγόρει
729 3995 783 4065 αό-

209 4107 269 4168 τῶν
282 4099 325 4169 τά
339 4099 426 4169 αὐτά
443 4127 451 4140 ·
473 4104 501 4169 οἳ
516 4101 545 4169 δ’
570 4102 662 4186 ἐβόων
676 4108 783 4170 καλεῖν
854 4098 897 4168 τὰ
912 4098 998 4169 αότά
1013 4117 1077 4165 om.

209 4204 283 4285 τοίις
306 4205 339 4274 od
365 4208 558 4294 φάσκοντας.
585 4203 657 4294 [15]
681 4210 720 4276 Οἱ
749 4208 783 4276 δὲ

243 4407 274 4474 (¹)
288 4409 377 4461 Locum
390 4411 484 4474 quiesi
498 4412 562 4475 apud
576 4411 733 4463 scholiastem
746 4411 861 4463 Aristidis
872 4411 911 4474 (ad
926 4411 1061 4463 orationem
1084 4425 1153 4473 vm,
1174 4425 1219 4461 «ει
1242 4424 1381 4472 «ωομεν,

208 4513 231 4564 p.
248 4498 307 4564 175)
317 4501 347 4551 ad
361 4500 424 4551 Hell.
438 4500 475 4568 111,
490 4501 515 4568 4,
534 4503 548 4552 ‘2
563 4500 650 4551 reterri
664 4512 737 4562 pesse
748 4502 814 4563 puto.

244 4586 276 4654 '²)
294 4589 546 4640 Animadvertendum
559 4590 597 4641 est
610 4589 705 4654 igitur
696 4602 746 4651 vam
760 4590 877 4653 Stephani
891 4587 1019 4652 Byzantini
1032 4589 1143 4650 tempore
1156 4587 1222 4637 hune
1235 4586 1324 4652 iocum,
1340 4587 1382 4649 qui

201 4677 338 4731 ,additieius
351 4690 406 4729 esse
420 4678 530 4744 videtur,
542 4680 569 4750 et
580 4678 670 4730 similia
683 4679 859 4745 additamenta,
869 4680 900 4730 de
911 4678 1001 4742 quibus
1011 4677 1203 4740 supradiximus
1214 4673 1264 4740 (pp.
1276 4679 1323 4728 56·
1326 4672 1383 4740 61),

207 4764 234 4816 in
249 4767 432 4831 exemplaribus
440 4745 589 4820 Helleniedn
603 4767 690 4821 tuisse.
