3382 5482
651 374 724 445 '-.
764 358 807 422 56
854 394 898 404 —

202 499 291 569 cihus
305 494 523 595 Xenophontis
544 507 589 563 est
611 499 813 570 ἀνεκοινοῦτο.
838 497 876 564 nt
891 497 955 565 hoc
969 497 1100 584 quidem
1115 496 1262 583 exemplo
1279 494 1373 562 intel·
1476 541 1481 563 -.

163 683 168 690 ,
202 617 310 702 legere
331 613 406 680 licet
428 614 544 680 multos
565 612 757 700 scriptorum
780 611 986 700 antiquorum
1009 613 1097 679 locos
1120 611 1162 678 ita
1181 613 1373 699 depravatos

204 751 273 798 esse
292 750 385 817 posse
405 737 440 795 ut
459 727 491 793 id
510 748 604 794 nemo
626 726 780 815 suspicari
800 735 904 814 queat.
928 727 1005 794 ltem
1028 726 1076 810 lv,
1100 726 1133 809 -1,
1152 725 1194 794 16
1215 725 1248 791 in
1266 725 1374 793 verbis

204 845 278 926 τοὺς
292 822 395 933 μέντοι
410 839 785 939 Λακοδαιμονίοοςοὸτως
800 836 840 912 αὖ
860 845 888 911 οἱ
905 845 1081 912 πελτασταὶ
1102 844 1258 911 ἐδεδίεσαν
1275 860 1373 908 nemo
1443 827 1444 831 Ἰ

204 955 483 1045 interpolationem
493 955 718 1043 suspicaretur,
729 955 790 1022 nisi
800 955 978 1023 Priscianus
989 958 1096 1024 locum
1107 955 1245 1022 afferens
1257 954 1373 1043 (XVlll,

206 1070 261 1160 25)
277 1093 336 1160 pro
351 1074 506 1141 ἐδεδίεσαν
519 1069 671 1157 seriptum
686 1069 784 1138 luisse
799 1070 929 1137 doceret
944 1070 1074 1156 ὤκνοον;
1092 1069 1178 1157 quod
1191 1068 1264 1158 jure
1281 1069 1374 1136 resti·

206 1196 310 1253 tutum
327 1194 374 1253 est
390 1185 429 1253 ab
446 1184 623 1253 Dindorfio.
1319 1188 1322 1192 ’

250 1300 274 1383 l,
291 1302 323 1384 l,
339 1299 393 1368 3l.
418 1303 640 1390 κατηγορήσας
665 1302 698 1369 δὲ
722 1305 952 1390 Τισσαφέρνους
975 1304 1006 1371 ἐν
1030 1303 1241 1388 Λακεδαίμονι
1259 1301 1375 1389 ‘Eppo-

205 1417 327 1504 κράτος
347 1425 420 1481 cett.
446 1415 520 1481 Haec
535 1435 575 1482 ne
596 1426 664 1481 tum
687 1414 817 1502 quidem
838 1415 864 1482 si
881 1417 1104 1505 Ἑρμοκράτης
1119 1412 1277 1480 deleveris
1300 1435 1377 1481 sana

208 1550 277 1596 esse
291 1538 435 1617 possunt.
451 1528 542 1612 Nam,
557 1529 643 1617 quod
658 1528 710 1596 hic
720 1529 963 1617 Tissaphernem
974 1530 1200 1597 Hermocrates
1210 1549 1376 1596 accusasse

207 1643 334 1727 dicitur,
347 1643 379 1710 id
394 1665 460 1712 non
473 1664 594 1712 novum
608 1654 666 1726 est,
685 1645 740 1711 sed
756 1644 824 1711 lere
840 1665 922 1711 anno
934 1652 1006 1710 ante
1023 1643 1141 1711 laetum
1156 1643 1283 1729 (Thoe,
1300 1643 1376 1726 Vlll,

207 1757 280 1847 85);
298 1759 388 1848 eujus
409 1757 461 1825 hic
481 1757 529 1825 rei
549 1767 722 1846 propterea
737 1757 932 1825 mentionem
948 1757 1019 1824 fieri
1034 1757 1211 1845 putandum
1223 1767 1273 1824 est
1290 1759 1378 1846 qnod

208 1895 244 1941 ea
268 1895 361 1941 eausa
384 1872 480 1940 fuerit
501 1894 559 1940 eur
579 1874 781 1940 Hermocrati
802 1873 1024 1940 Pharnabazus
1040 1873 1125 1939 ultro
1145 1872 1314 1959 pecuniam
1337 1873 1378 1939 ad

209 1988 382 2054 exereitum
397 1988 647 2075 comparandum
665 1988 806 2054 offerret.
825 1987 898 2069 Sed,
913 1995 948 2053 ut
963 1987 1052 2053 locus
1063 2006 1149 2052 nunc
1159 1987 1379 2055 conformatus

197 2112 267 2179 est,
283 2103 345 2169 hoc
357 2101 499 2188 intellegi
516 2100 637 2188 nequit,
650 2121 734 2184 curn,
746 2123 810 2189 quo
827 2110 973 2189 tempore
984 2100 1230 2188 Tissaphernem
1245 2102 1379 2169 Herme-

99 2287 102 2293 ,
127 2274 136 2289 .
210 2225 311 2284 crates
323 2216 529 2299 accusaverit,
542 2237 608 2283 non
619 2216 751 2284 dicatur.
762 2217 843 2295 Quid
853 2215 953 2303 igitur
964 2215 1118 2305 scriptum
1131 2215 1237 2300 luerit,
1251 2215 1361 2283 nescio
1369 2240 1377 2298 ;

209 2332 304 2421 quine
315 2343 467 2420 orruptus
479 2331 518 2398 sit
534 2332 624 2400 locus
641 2340 673 2398 et
683 2332 817 2399 fortasse
828 2332 950 2399 lacunis
961 2315 1164 2431 depravatus,
1178 2352 1243 2398 non
1253 2330 1376 2399 dubito,

209 2447 301 2526 Quod
316 2469 392 2514 vero
408 2446 591 2515 Dindorlius
605 2456 708 2514 totum
723 2448 841 2529 locum,
864 2450 1086 2537 κατηγορήσας
1108 2450 1142 2516 δέ
1158 2486 1202 2496 --
1222 2450 1277 2516 καὶ
1293 2451 1380 2538 τριή-

210 2589 283 2650 ρεις,
308 2562 449 2629 deletum
471 2560 582 2649 voluit,
607 2561 636 2627 ei
657 2561 762 2629 minus
778 2560 945 2656 assentior,
971 2560 1056 2648 quia,
1081 2561 1245 2648 quomodo
1267 2560 1320 2628 illa
1343 2561 1377 2628 in

212 2686 333 2742 textum
348 2674 460 2754 venire
475 2675 651 2762 potuerint,
667 2696 732 2741 non
754 2675 828 2742 satis
843 2684 984 2763 apparot.

254 2788 308 2857 36.
326 2792 452 2880 Σηστόν
467 2789 589 2856 librarii
600 2811 712 2858 errore
727 2789 779 2857 hic
789 2789 929 2877 positum
943 2789 1088 2858 videtur:
1106 2811 1179 2857 nam
1192 2789 1300 2858 Sestus
1310 2799 1381 2857 tum

211 2903 242 2970 in
265 2903 505 2972 Atheniensium
527 2893 652 2972 dicione
675 2917 743 2972 erat
767 2905 797 2992 (§
820 2904 858 2971 ll
888 2914 919 2972 et
943 2904 974 2988 1,
998 2903 1213 2992 imminutos
1229 2905 1278 2974 vel
1292 2904 1381 2973 aliud

209 3019 338 3107 aliquod
353 3018 444 3087 urbis
458 3040 576 3086 nomen
591 3019 745 3107 scriptum
761 3019 886 3086 videtur
902 3019 1011 3085 fnisse.

257 3134 291 3216 1,
306 3133 394 3217 37-1,
411 3132 442 3206 1.
462 3137 517 3204 καὶ
532 3134 547 3204 ὃ
565 3135 704 3216 detunsis
718 3138 840 3224 ἔληγον,
858 3137 889 3204 ἐν
904 3129 934 3203 ὧι
956 3142 1028 3199 cett.

255 3259 307 3318 τῶι
329 3251 363 3319 δὲ
383 3250 477 3320 ἄλλοι
499 3252 578 3338 ἔτει,
603 3243 634 3320 ὧι
654 3245 694 3341 ἦν
712 3249 893 3338 Ὀλυμπιὰς
913 3251 1003 3338 τρίτη
1025 3250 1080 3317 καὶ
1102 3250 1286 3339 ἐνενηκοστή
1305 3256 1380 3315 cell.

256 3362 301 3429 De
330 3362 546 3431 notationibus
571 3383 730 3431 annornm
754 3362 787 3428 in
812 3361 902 3427 libris
927 3358 1114 3427 Hellenieon
1138 3359 1189 3437 l-ll
1213 3381 1384 3428 occurren·

213 3474 298 3542 tibus
322 3496 395 3542 eum
421 3476 605 3564 scripserint
629 3486 746 3564 praeter
771 3476 850 3543 alios
874 3476 1099 3543 Bruechnerus
1119 3474 1322 3562 (Dissertatio
1343 3478 1383 3543 de

213 3590 431 3657 scotationibus
452 3613 616 3658 asinorum
634 3595 670 3658 in
688 3592 825 3659 historia
849 3589 963 3660 Graeee
984 3589 1204 3677 Xenophontis
1217 3591 1383 3678 suspectis,

215 3703 437 3788 Schweidnitn‚
461 3704 571 3795 1838),
590 3705 871 3789 Breitenbaehius,
893 3703 1258 3786 Bucchsensehuetzius,
1281 3725 1383 3791 pauca

87 3829 91 3836 ’
214 3821 266 3888 hic
281 3821 435 3905 dicemus,
456 3831 492 3889 ut
510 3823 573 3890 hoo
591 3843 657 3889 uno
678 3821 814 3887 maxime
836 3819 982 3907 exemplo
1002 3817 1223 3906 Xenophontis
1243 3839 1324 3905 opus
1343 3817 1383 3885 ab

198 3988 200 3993 .
215 3937 511 4025 interpolationibus
526 3937 665 4005 liberum
679 3957 744 4004 non
759 3958 828 4005 esse
844 3935 1058 4020 intellegatur.

259 4054 443 4122 Notationcs
459 4065 565 4121 autem
582 4056 622 4122 de
638 4054 754 4142 quibus
770 4053 875 4141 agitur
888 4052 938 4119 hae
954 4058 1026 4117 sunt
1044 4073 1050 4116 :

233 4184 442 4273 Olympiades
456 4207 575 4253 memo·
626 4185 870 4254 Atheniensium
918 4205 970 4250 or·
1010 4180 1100 4248 Atini
1125 4181 1165 4248 ab
1189 4181 1288 4249 initio
1310 4180 1384 4248 betti

329 4281 472 4341 retitur:
672 4275 798 4341 clientes
854 4295 970 4342 meino·
1046 4269 1314 4356 Peloponnesiaci
1321 4290 1384 4336 me·

672 4371 809 4430 runtur:
1046 4366 1236 4427 nectuntur:

261 4502 289 4585 1,
320 4500 395 4586 1,1
418 4501 539 4586 0193,
566 4503 582 4569 1
659 4503 687 4586 1,
711 4501 747 4586 1,
768 4504 784 4572 1
807 4503 985 4592 Euctemon

219 4607 321 4697 (108).
616 4609 798 4699 (dds-407).
850 4688 852 4693 ⁸
