3382 5482
646 443 867 507 ..79-

172 605 245 651 cum
273 583 307 650 in
334 580 497 671 plerisque
529 580 693 650 codicibus
731 588 898 666 πλείους
925 584 949 676 ν)
976 591 1099 676 μυρίους
1130 588 1185 672 sit,
1209 589 1243 656 in
1267 611 1346 659 non-

170 698 266 766 nuliis
282 718 359 766 vero
381 701 456 785 stes
463 725 517 785 ον,
544 718 628 764 unus
653 699 754 772 codex
769 708 797 768 Σ
815 699 953 766 servavit
974 709 1101 774 πλεῖν,
1119 703 1233 772 Videas
1248 707 1343 774 etiam

172 817 260 884 locos
279 811 521 901 Aristophanis:
545 813 621 881 Ach.
636 811 700 879 858
724 821 839 883 πλεῖν
876 812 901 904 οἳ
919 817 1080 904 aptatum
1104 819 1237 909 ἡμέρας.
1259 823 1340 910 Equ,

172 928 238 995 444
260 935 374 1000 πλεῖν
397 924 422 1018 τ)
441 930 558 1013 χιλίας.
576 926 658 993 Nuh.
677 925 759 992 4044
786 937 902 999 πλεῖν
924 927 948 1022 4
970 935 1092 1019 μυρίων.
1120 931 1207 1001 4665
1229 944 1344 1008 πλεῖν

171 1042 195 1135 τ’)
215 1046 359 1113 τάλαντα
373 1044 486 1113 πολλοὶ.
505 1042 562 1109 dv.
581 1040 601 1108 6
628 1049 737 1111 πλεῖν
763 1040 788 1135 4
800 1047 901 1130 (666.
916 1044 999 1112 4954
1024 1054 1129 1116 πλεῖν
1151 1050 1339 1133 ἑξακοσίους.

172 1156 260 1225 4365
284 1164 391 1228 πλεῖν
414 1154 438 1248 ἦ
458 1157 570 1245 μύριοι.
590 1157 670 1244 ‘Lyn
700 1154 765 1223 589
790 1165 903 1227 πλεῖν
926 1160 949 1250 ἤ
971 1186 1007 1246 γε
1032 1166 1167 1232 διπλοῦν.
1195 1163 1274 1232 Ran.
1300 1162 1342 1231 48
1408 1240 1419 1263 ⁸

171 1280 287 1343 πλεῖν
318 1269 342 1364 4
367 1272 501 1340 'arnosia
530 1270 569 1356 (R
597 1271 700 1361 atriu
729 1268 890 1361 ν’)νιαντοῖ,
915 1274 940 1341 V
963 1274 1066 1365 πλὴν
1087 1276 1140 1367 dat
1161 1277 1281 1365 αὐτοῦ).
1299 1279 1342 1347 96

171 1396 284 1457 πλεῖν
307 1384 331 1478 4
358 1387 463 1475 μύρια.
496 1383 534 1451 94
567 1392 680 1454 πλεῖν
706 1383 731 1476 4
759 1390 897 1457 crodium.
925 1385 991 1454 406
1023 1396 1054 1454 64
1083 1386 1142 1455 754
1175 1399 1290 1461 πλεῖν
1320 1393 1343 1485 τ’)

172 1506 378 1591 μαίνομαι.
411 1497 497 1566 4499
527 1506 642 1569 πλεῖν
666 1497 690 1591 ἦ
717 1502 848 1589 δώδεκα,
875 1502 960 1569 Eccl.
984 1500 1048 1569 808
1074 1513 1187 1574 πλεῖν
1211 1505 1235 1598 οἳ
1255 1512 1342 1597 ποιοί-

171 1618 258 1687 κονὲν’
282 1617 414 1708 ἡμέρας.
431 1616 514 1682 Plus.
537 1613 625 1681 4484
647 1622 760 1706 πλεῖν
782 1613 806 1708 ἢ
828 1619 940 1707 μύριοι.
959 1616 1107 1686 Occurrit
1121 1628 1227 1688 tamen
1246 1622 1341 1689 etiam

171 1737 306 1801 πλεῖον
328 1729 352 1820 ν)
376 1733 570 1820 τρισμνοίων,
595 1729 680 1796 Eccl.
699 1727 798 1798 4439.

123 1943 127 1950 ’
215 1956 304 2043 §no
319 1995 364 2006 -
383 1958 463 2026 Sunt
485 1978 562 2026 vero
585 1957 644 2024 alia
668 1947 739 2046 quae
762 1958 840 2024 mihi
861 1958 964 2047 magis
983 1959 1079 2027 dubia
1098 1961 1277 2030 videantur.
1297 1965 1342 2032 Ex

172 2073 288 2160 quilius
302 2094 403 2161 pauca
419 2072 471 2140 hic
485 2074 762 2142 commemorabo,

215 2189 238 2271 4,
254 2187 286 2271 5,
302 2188 317 2254 4
338 2197 369 2254 et
382 2189 417 2270 V,
435 2187 466 2270 6,
483 2188 521 2256 64
542 2210 600 2276 pro
617 2209 656 2256 66
673 2189 760 2276 quod
777 2198 825 2257 est
839 2190 870 2256 in
888 2190 1052 2259 codicibus
1067 2201 1134 2278 Κῶ,
1155 2198 1226 2263 Κέω
1246 2193 1345 2262 6666-

171 2313 221 2370 tus
237 2311 268 2369 et
282 2302 466 2371 Dindorfius
480 2312 562 2391 Κῶν,
580 2308 668 2373 Κέων
683 2286 902 2372 restituerunt.
924 2307 999 2390 Sed,
1011 2317 1046 2374 ut
1056 2308 1106 2376 hae
1119 2308 1230 2376 formae
1241 2308 1343 2394 magis

171 2417 281 2486 Atticae
302 2417 379 2501 sint,
410 2418 435 2484 si
455 2419 704 2507 *Xenophontem
724 2428 810 2507 λαγῶ
833 2421 907 2510 [sic]
930 2421 1047 2489 dixisse
1064 2431 1200 2490 testatur
1214 2425 1341 2512 Trypho

40 2544 44 2553 '
171 2555 220 2621 ap.
234 2534 358 2616 Athen,
374 2534 426 2616 lx,
445 2556 474 2620 p.
493 2532 558 2601 466
573 2534 599 2600 Α
615 2534 667 2622 (64.
681 2535 769 2602 Eust.
789 2537 838 2602 ad.
850 2536 907 2605 66.
918 2546 958 2620 Ε,
972 2536 1049 2620 969,
1061 2560 1093 2626 p.
1109 2537 1220 2625 4534),
1233 2539 1341 2607 dicere

171 2649 274 2737 potuit
296 2648 391 2716 etiam
411 2658 467 2719 Κῶ
488 2650 537 2716 664
552 2653 623 2719 Κέω
640 2671 647 2715 :
669 2672 740 2737 quae
760 2650 865 2718 forma
881 2653 977 2741 (Κέω)
997 2663 1048 2720 ter
1066 2653 1186 2741 legitur
1202 2654 1234 2720 in
1249 2653 1340 2723 titulo

170 2765 273 2832 Attico
289 2764 361 2830 anni
380 2763 445 2832 363
461 2764 721 2856 (Ἀξνήναιον,
739 2765 838 2850 4877,
854 2789 886 2855 p.
904 2766 999 2855 547).

187 2931 191 2939 .
215 2880 327 2947 Cetera
343 2902 414 2967 quae
429 2880 468 2946 de
485 2900 522 2946 ea
537 2901 572 2946 re
589 2879 696 2947 notavi
710 2881 779 2948 haec
795 2891 868 2948 sunt
886 2905 892 2948 :

213 2997 314 3082 λαγών
327 2995 501 3082 6664666,
517 2996 609 3083 Vesp.
627 2993 726 3079 4963,
743 2996 783 3062 64.
800 2997 929 3080 Athen,
946 2997 968 3065 l.
986 2999 1007 3068 l.

213 3111 305 3198 Apud
328 3110 520 3193 Luoianum,
545 3111 698 3178 Pseudos.
727 3109 764 3194 3,
793 3111 990 3180 accusativus
1018 3116 1104 3201 λαγώ
1130 3134 1190 3202 pro
1220 3115 1339 3182 soloeoo

170 3225 312 3294 affertur.

213 3342 252 3407 At
266 3352 377 3408 contra
387 3340 589 3409 Herodianus
601 3342 646 3430 (in
658 3343 709 3412 ed.
723 3342 862 3412 Moeridis
877 3342 1094 3425 Piersoniana,
1111 3366 1141 3431 p.
1156 3342 1234 3430 436)
1255 3365 1261 3409 :
1286 3344 1340 3414 τὸν

169 3456 269 3543 λαγών
283 3460 338 3526 καὶ
352 3457 406 3526 τὸν
419 3459 509 3540 νεών,
526 3458 579 3527 τὸν
593 3458 649 3527 νεὼ
663 3462 718 3528 καὶ
732 3460 785 3529 τὸν
799 3461 896 3547 λαγώ,
922 3461 993 3530 ἄνευ
1014 3467 1069 3529 τοῦ
1088 3488 1104 3529 ν
1124 3457 1148 3550 τ’)
1163 3459 1219 3528 σὺν
1238 3467 1289 3528 τῶν
1310 3487 1335 3530 ν.

168 3608 212 3617 -
230 3572 302 3638 Aoo.
321 3573 378 3641 νεώ
397 3570 539 3638 occurrit
561 3573 803 3663 Ἀἓνήναιον,
831 3571 931 3656 4877,
953 3595 985 3661 p,
1012 3572 1077 3639 459
1102 3570 1178 3658 (347
1201 3593 1230 3640 6.
1252 3571 1338 3660 Gn),

167 3684 245 3751 item
269 3697 379 3756 Δελτ.
407 3689 487 3757 ἓλλ.
514 3687 615 3768 ἀλλ,
640 3684 740 3770 4878,
762 3709 794 3774 p.
820 3688 885 3756 499
909 3688 1007 3776 (circa
1029 3688 1075 3758 04.
1097 3686 1164 3757 493
1185 3716 1223 3748 =
1247 3687 1337 3776 988),

167 3801 207 3866 64.
232 3801 336 3883 6666.
360 3798 426 3868 453
451 3800 519 3888 (qui
541 3801 651 3868 titulus
675 3800 722 3869 04.
749 3800 830 3886 497,
855 3801 885 3869 3-
901 3829 939 3862 =
963 3800 1116 3868 976666
1139 3811 1243 3890 potest
1269 3823 1338 3868 6666

129 3946 141 3957 ,.
167 3913 352 4003 antiquior).

209 4028 533 4123 941646.Μ.,ρ.864
560 4032 596 4120 (4)
620 4054 626 4098 ;
658 4034 868 4121 σεσημείωται
893 4033 924 4100 ἐν
950 4030 1005 4119 μὲν
1029 4037 1096 4111 τοῖς
1111 4031 1284 4120 &peccota
1301 4029 1336 4098 τὸ

130 4203 133 4207 .
157 4143 200 4211 Ἄ
209 4149 233 4215 ἓν
243 4171 285 4231 o,
312 4145 343 4212 ἐν
357 4147 390 4214 δὲ
403 4151 469 4226 τοῖς
483 4151 635 4234 ἓηλνκοῖς
650 4145 684 4215 πὸ
710 4153 742 4215 Κ
752 4152 785 4217 ὦ.
1224 4151 1226 4156 ’

207 4259 298 4346 Apud
317 4260 425 4347 Verg.,
444 4260 479 4329 G.
495 4261 526 4342 1,
541 4258 618 4328 339.
635 4261 739 4327 Valer.
757 4261 816 4343 rt,
835 4261 866 4344 l,
887 4260 952 4328 664
974 4261 1112 4327 formam
1129 4260 1211 4328 Atho
1228 4267 1339 4324 tuetur

163 4383 323 4455 metrum3
347 4375 432 4460 apud
454 4373 579 4457 Catuli,
599 4374 700 4457 LXVI,
724 4373 777 4442 46.
803 4373 905 4458 Ovid,
927 4377 1000 4443 Met.
1023 4373 1076 4457 XI,
1099 4371 1176 4439 554.
1194 4371 1259 4440 Vol.
1277 4371 1336 4453 rt,
1465 4366 1468 4370 ’

199 4649 229 4714 (¹)
244 4651 271 4702 ln
285 4664 314 4702 eo
327 4654 380 4703 1666
393 4666 438 4717 pro
457 4666 610 4714 μενεπλιεων
624 4654 754 4716 legendum
764 4667 819 4706 osse
829 4656 889 4718 puto
905 4665 1085 4715 εμειεελνεον,
1100 4665 1248 4717 quamquam
1261 4652 1337 4716 hujus

165 4739 270 4789 nominis
284 4741 378 4791 nultum
394 4742 418 4792 in
433 4742 519 4792 loricis
534 4742 675 4806 exemplum
690 4744 737 4793 est.
