3382 5482
680 444 903 508 „55-

205 585 341 655 sinistra.
361 586 408 653 An
426 605 482 651 ora
497 585 702 651 occidentalis
713 584 921 671 intelligendo
937 582 1008 650 est?
1023 581 1094 649 Non
1111 583 1245 649 credo.»
1267 582 1379 651 Omnia

206 701 307 784 enim,
323 701 356 767 ni
380 701 491 782 fallor,
517 709 603 766 recte
625 699 763 767 habent:
789 719 880 782 nam,
901 698 927 765 si
950 698 1021 786 quis
1039 698 1079 765 ab
1095 698 1221 786 Epheso
1237 698 1377 767 Miletum

205 818 340 884 tendens
355 816 394 882 ed
419 814 677 902 promunturium
701 814 812 882 insulse
835 814 921 882 Sami
946 813 1032 900 quod
1057 822 1103 879 est
1125 833 1143 879 e
1165 811 1297 898 regione
1316 814 1379 900 My·

207 934 290 999 coles
319 932 463 1013 occessit,
493 933 533 998 ed
562 931 724 999 sinistram
751 930 849 998 habet
878 950 948 996 eam
977 929 1088 996 insulae
1118 949 1209 994 oram
1238 938 1380 1016 quaeest
1406 978 1420 1002 .

207 1046 380 1114 continenti
406 1045 563 1134 proxima,
588 1066 660 1113 eam
681 1067 758 1112 vero
788 1066 859 1134 quse
884 1066 902 1111 o
927 1043 1102 1112 continenti
1129 1065 1240 1111 aversa
1269 1053 1316 1111 est
1339 1044 1379 1110 od

207 1162 371 1228 dexteram
381 1183 389 1244 ;
406 1181 478 1228 cum
494 1161 593 1247 igitur
603 1160 692 1248 juxta
708 1180 778 1226 eam
794 1180 865 1247 quse
881 1168 927 1226 est
947 1179 965 1225 a
982 1158 1156 1226 continenti
1172 1179 1269 1226 neves
1287 1160 1381 1226 Athe·

207 1275 366 1343 niensium
385 1276 425 1342 ad
444 1276 559 1342 urbem
577 1275 708 1342 Samum
726 1284 832 1341 essent
847 1275 894 1363 (5,
911 1255 966 1346 18.
989 1273 1057 1359 20),
1080 1273 1125 1340 ibi
1148 1272 1380 1350 Callicratidom

196 1390 366 1478 'Lysander
380 1388 573 1478 praetervehi
591 1385 691 1476 jubet.
708 1389 824 1455 Parum
841 1397 950 1454 autem
970 1396 1057 1454 recte
1072 1386 1210 1456 Cobetus
1227 1387 1324 1454 verbe
1344 1381 1380 1459 οῶ

207 1499 288 1595 ἦσαν
305 1507 338 1574 αἱ
362 1512 422 1574 τῶν
440 1504 619 1593 'dispuetur
641 1511 715 1593 νῆες
736 1502 875 1569 delevit:
901 1523 972 1589 quse
993 1522 1110 1590 neque,
1136 1501 1162 1569 si
1185 1522 1381 1589 supervacua

208 1626 324 1700 essent,
340 1617 414 1684 ideo
430 1616 584 1705 ejicienda
601 1626 691 1683 erant
706 1638 812 1704 neque
827 1637 905 1683 vero
919 1636 1118 1703 supervacua
1133 1625 1216 1698 sunt,
1234 1626 1280 1696 ut,
1304 1615 1380 1703 quid

208 1732 242 1798 in
259 1753 296 1799 ea
313 1754 348 1799 re
364 1731 499 1820 periculi
516 1731 624 1815 fuerit,
640 1731 854 1819 intellegatur.

257 1847 330 1931 6,1.
347 1848 397 1918 ότι
414 1850 653 1938 Λακεδαιμόνιοι
670 1851 804 1936 μέγιστα
817 1850 1043 1937 παραπίπτοιεν
1060 1850 1090 1916 έν
1113 1855 1164 1921 τῶι
1182 1848 1380 1916 διαλλάττειν

209 1964 284 2045 τοός
299 1965 472 2052 ναυάρχους
486 1963 640 2043 πολλάκις
657 1961 878 2051 ἀνεπιτηδείων
891 1963 1057 2048 γενομένων
1068 1961 1123 2028 καὶ
1137 1959 1209 2047 ἀρτι
1222 1963 1380 2029 συνιέντων

211 2077 255 2165 (in
271 2079 294 2144 L
309 2099 369 2165 pro
387 2079 546 2146 συνιέντων
565 2085 613 2143 est
627 2075 750 2160 lacuna)
768 2073 812 2144 τά
831 2073 965 2144 ναυτικά
985 2075 1040 2141 καὶ
1056 2072 1231 2160 ἀνδρῶποις
1247 2073 1288 2153 ῶς
1305 2099 1387 2162 γρη··

210 2196 296 2261 στέον
320 2190 353 2261 od
379 2193 606 2278 γιγνωσκόντων
631 2191 775 2279 ἀπείρους
792 2191 963 2276 ἓαλάττης
978 2191 1153 2276 πέμποντες
1168 2190 1223 2256 καὶ
1239 2187 1380 2274 ἀγνῶτας

209 2315 275 2386 τοῖς
290 2307 355 2374 ἐκεῖ
368 2307 567 2375 κινδυνεύοιέν
584 2333 615 2375 τι
630 2311 743 2374 παὲιεῖν
760 2304 813 2373 διὰ
830 2310 932 2373 τοῦτο.
954 2340 999 2350 -
1019 2302 1121 2368 Locus
1136 2302 1271 2367 multum
1287 2321 1379 2368 vexa-

209 2429 259 2485 tus
275 2419 414 2486 necdum
429 2418 503 2485 setis
519 2419 727 2500 emendetus3
753 2418 820 2487 ἀντ’
847 2419 1026 2504 ἐπιτηδείων
1048 2415 1187 2482 restituit
1200 2414 1377 2496 Jacobsius,

209 2532 346 2600 Cobetus
366 2554 444 2600 vero
469 2526 510 2604 τό
533 2535 772 2621 γιγνωσκόντων,
790 2530 951 2600 Weiskius
967 2534 1032 2602 ἐκεῖ
1051 2530 1175 2620 [καί].
1194 2530 1287 2608 Quod
1302 2550 1378 2596 vero

210 2647 335 2736 scripsit
353 2647 493 2716 cobetus
512 2649 719 2737 ἀκριβούντων
734 2668 794 2735 pro
811 2648 882 2736 ἀρτι
897 2651 1067 2734 συνιέντων,
1086 2645 1165 2742 mihi
1180 2666 1295 2734 parum
1312 2643 1380 2712 veri

211 2762 313 2830 simile
331 2762 476 2845 videtur3
504 2763 653 2851 ἄριστα
681 2765 839 2831 συνιέντων
859 2760 995 2850 conjecit
1012 2761 1217 2829 Liebholdius
1233 2761 1254 2828 1.
1270 2762 1304 2845 l,
1319 2780 1379 2847 ego

209 2878 294 2946 haud
313 2857 381 2944 scio
404 2899 444 2944 an
467 2876 621 2964 scriptum
637 2876 734 2943 fuisse
750 2875 943 2942 crediderim
968 2877 1115 2966 ἀρτίως
1140 2878 1315 2961 συνιέντωυ;
1333 2883 1381 2942 est

211 2992 297 3059 enim
310 2993 395 3080 apud
411 2991 625 3081 Hesychium:
646 2991 780 3080 ἀρτίως·
797 2989 853 3078 πρό
871 2996 998 3079 μικροῦ·
1014 2987 1038 3079 ἢ
1058 2989 1194 3076 ὑγιῶς,
1220 2987 1381 3077 ὁλοκλή-

211 3135 298 3197 ρως,
315 3110 500 3188 τελείως.
520 3145 565 3154 -
588 3106 622 3172 ln
638 3105 684 3173 eis
699 3125 771 3192 quse
790 3111 967 3190 sequuntur
993 3105 1028 3172 ἐκ
1050 3104 1160 3173 τούτου
1184 3105 1223 3194 δή
1250 3099 1401 3188 scripse-¹

211 3220 272 3286 rim
290 3241 363 3288 cum
377 3220 577 3287 Liebholdio.

254 3335 307 3402 13.
334 3337 422 3406 ἀλλ’
450 3339 625 3427 έμφροόρων
648 3337 742 3405 όντων
758 3336 936 3425 Ἀἓιηναίων
963 3342 1036 3401 cett.
1054 3372 1099 3382 -
1119 3334 1218 3400 Recte
1242 3330 1381 3399 Cobetus

212 3449 269 3520 ἅτ’
290 3471 349 3538 pro
367 3452 461 3540 ἀλλ’.Ι
479 3451 572 3529 Quod
588 3472 664 3517 vero
690 3450 936 3540 ἐμφρονροόντωυ
952 3448 1159 3516 scribendum
1173 3469 1244 3515 esse
1259 3459 1378 3529 censet,

212 3564 285 3651 quia
299 3568 465 3656 ἔμφρουρος
481 3565 546 3632 vim
561 3565 696 3632 activam
710 3583 887 3651 numquam
903 3563 1031 3646 habeat,
1049 3563 1128 3628 mihi
1144 3561 1241 3630 dubia
1257 3582 1309 3628 res
1320 3569 1379 3644 est,

212 3699 284 3744 cum
299 3678 330 3744 in
353 3679 674 3747 Lacedaemoniorum
689 3680 868 3767 republica,
891 3678 923 3759 5,
950 3676 981 3760 7,
1005 3676 1045 3743 sit
1067 3677 1120 3747 τόν
1140 3680 1187 3747 ἔτι
1202 3681 1378 3766 ἔμφρουρον,

211 3791 272 3859 ulio
290 3791 420 3880 quidem
436 3814 542 3876 sensu,
561 3794 617 3861 sed
631 3803 739 3859 temen
752 3792 866 3897 potire.
987 3798 989 3802 ‘

255 3904 310 3973 id.
334 3907 427 3977 οὐδέν’
457 3908 501 3976 ἄν
526 3927 600 3973 cum
622 3905 800 3973 llertleinio
825 3906 999 3992 legendum
1015 3914 1063 3971 est
1078 3924 1137 3991 pro
1158 3904 1283 3992 οὐδένα,
1303 3902 1381 3970 item

209 4018 244 4107 ¹7,
262 4018 304 4087 79
320 4020 471 4110 ἀμφότερ’
500 4021 545 4091 ἄν
568 4040 642 4088 cum
657 4020 840 4107 Stephon03
858 4019 946 4108 quod
962 4018 1063 4086 miror
1077 4019 1241 4107 quomodo
1250 4017 1382 4084 Dindor-

212 4134 273 4201 tius
287 4155 352 4201 non
367 4135 535 4222 receperit.

257 4249 312 4316 15.
330 4251 448 4319 Κόνωνι
463 4251 497 4318 δὲ
520 4249 602 4320 εἶπεν
624 4249 673 4319 ότι
695 4252 810 4321 παίσει
829 4249 925 4319 αὐτόν
946 4257 1101 4338 μοιχῶντα
1121 4249 1180 4340 τήν
1198 4251 1377 4319 θάλατταν.

212 4403 257 4412 -
275 4364 352 4431 Mire
378 4372 425 4431 est
447 4363 585 4432 Cononis
601 4364 734 4447 mentio,
751 4364 904 4451 quemad
921 4363 1052 4431 Samum
1067 4383 1137 4430 esse
1154 4361 1382 4449 supradictum

214 4490 292 4546 erat.
309 4479 539 4546 Desiderantur
559 4479 643 4545 enim
664 4500 700 4546 es
717 4499 787 4566 quae
806 4499 823 4544 a
842 4478 983 4545 Biodoro
1003 4487 1176 4543 narrentur
1191 4476 1291 4566 (Xlil,
1309 4474 1380 4564 77),

213 4594 428 4683 Methymnaeis
443 4593 559 4662 auxilio
582 4594 762 4681 profectum
781 4592 955 4674 Cononem,
978 4612 1051 4659 cum
1072 4590 1175 4658 serius
1189 4591 1379 4672 advenisset,

213 4709 253 4793 sd
274 4711 513 4798 Hecatonnesos
533 4711 565 4776 in
586 4709 711 4777 ancoris
731 4702 922 4776 constitisse.
940 4709 1049 4794 ltaque
1073 4707 1242 4774 Holwerda
1265 4705 1384 4793 aliquid

320 4834 344 4866 o·
359 4835 474 4866 urrunnu.
1266 4824 1278 4863 5
