3382 5482
386 847 479 934 OUA
502 847 580 921 REI
609 847 804 922 CRITIGAE
831 849 1119 924 TRACTANDAE
1145 818 1344 926 RATIONE

255 1141 668 1278 nrttrnun
714 1141 1174 1280 urrunnun
1224 1143 1477 1282 rurus
1544 1282 1547 1287 ,
1645 1226 1671 1295 ,

484 1490 1097 1554 CONSTITUENDUS
1139 1484 1247 1554 SIT

752 1743 979 1806 *vma-

557 2138 810 2216 CAPUT
860 2128 1177 2216 PRIMUM

332 2397 392 2459 Do
417 2395 630 2460 codicibus
654 2395 896 2461 Hellenicon
922 2409 1049 2459 manu
1072 2395 1244 2476 scriptis
1266 2396 1397 2491 dequo

642 2512 895 2577 editionibus
919 2511 1090 2577 criticis.

324 2776 343 2860 s
358 2773 390 2840 i.
406 2812 450 2823 -
465 2771 598 2841 Codices
613 2758 801 2840 Hellenicon
817 2793 914 2839 manu
928 2748 1258 2860 scripti,'qui'quidem
1270 2771 1452 2840 adhuonoti
1510 2809 1512 2814 ,

280 2888 354 2972 sint,
370 2888 553 2977 quindecim
568 2898 742 2976 supersunt
758 2910 765 2954 :

276 2991 278 2994 ⁵
387 3004 536 3072 Parisini
549 3025 616 3087 sex,
632 3025 713 3092 quos
728 3002 841 3071 litteris
855 3004 892 3085 A,
909 3003 944 3085 Β,
962 3001 996 3086 C,
1014 3003 1051 3086 Ι),
1069 3003 1106 3087 Ε,
1123 3002 1360 3086 Lnotabimus;

385 3119 635 3186 Mediolanensis
649 3100 886 3185 Ambrosianus
903 3138 943 3200 e;

388 3233 495 3301 Veneti
506 3233 671 3301 Marcioni
683 3234 719 3316 V,
735 3256 766 3318 r,
783 3232 813 3300 u'
821 3255 833 3314 ;

386 3347 570 3416 Florentini
583 3349 800 3416 Laurentium
812 3349 853 3431 M,
867 3345 893 3414 N
905 3369 914 3430 ;

387 3462 567 3530 Perusinus
581 3464 622 3545 P;

387 3577 563 3646 Rauennns
576 3577 619 3660 R;

388 3693 553 3761 Leidensis
568 3692 603 3758 F.

325 3806 381 3876 His
400 3807 539 3875 addendi
554 3816 628 3874 sunt
641 3807 765 3874 codices
780 3827 870 3874 nunc
885 3807 1045 3895 deperditi
1058 3806 1097 3889 H,
1112 3806 1137 3890 l,
1151 3807 1189 3889 K,
1207 3805 1244 3889 0,
1261 3806 1296 3888 Y,
1316 3826 1454 3893 quorum

281 3923 436 3991 lectiones
452 3923 485 3989 in
499 3921 698 4010 marginibus
711 3932 859 3989 veterum
875 3920 1054 3989 editionum
1065 3920 1211 4009 ascriptae
1225 3929 1309 3988 sunt.

325 4038 449 4113 Horum
471 4037 619 4105 codicum
639 4035 756 4125 quibus
776 4035 853 4104 viris
875 4037 987 4104 notitia
1007 4036 1165 4105 debeatur
1183 4056 1269 4103 nuno
1285 4044 1333 4103 est
1345 4034 1455 4102 viden·

283 4132 377 4236 dum?
392 4152 552 4240 simulque
574 4153 614 4220 de
634 4151 829 4220 editionibus
850 4151 1024 4219 dicendum
1041 4173 1114 4240 quse
1134 4151 1246 4240 primae
1267 4160 1456 4240 apparatum

283 4265 429 4335 criticum
459 4265 677 4351 exhibuerint,
705 4252 862 4351 butiana,
895 4265 1118 4350 Dindorfiana,
1151 4264 1454 4348 breitenbaebiana,

284 4380 476 4471 Sauppiana.
578 4428 582 4434 -

328 4625 348 4709 s
363 4622 395 4690 2.
413 4662 458 4673 -
474 4621 594 4692 Gailius
607 4641 682 4689 curn
697 4620 918 4710 Xenophontis
932 4640 1032 4709 opera
1048 4619 1156 4688 omnia
1171 4620 1284 4688 ederet
1302 4616 1455 4706 (Parisiis

286 4738 377 4807 annis
392 4736 609 4826 17974814),
623 4736 656 4804 in
671 4736 842 4808 Hellenieis
856 4757 935 4804 usus
951 4745 1000 4804 est
1014 4756 1088 4803 eum
1099 4733 1264 4803 codicibus
1275 4755 1330 4803 sex
1339 4733 1457 4802 Biblio-

1311 4881 1323 4919 ι
1405 4869 1408 4874 .
