3382 5482
801 476 1024 543 ..94-

327 624 493 713 πρυτάνεις
513 623 704 711 φοβηὲιίντες
726 619 910 720 ι’)μολόγουν

327 729 445 809 πάντες
467 730 648 815 προδήσειν,
670 725 752 817 πλήν
776 728 899 814 Σοκροὶ-
972 724 1112 807 ἅπαντες

328 860 400 914 τους
421 842 475 903 ποῶ
498 834 736 922 Σωφρονίσκου·
759 827 848 914 ὀὗτος
866 834 895 902 δ’

328 938 385 1008 οάκ
399 941 459 1028 ἔφη
476 940 547 1009 ἀλλ’
564 937 687 1030 ήκατά
701 943 791 1029 νόμον
807 939 898 1028 [πάν-
971 940 1043 1027 ἔφη,
1071 936 1155 1007 ἀλλά
1179 936 1267 1007 κατὰ
1291 936 1365 1019 τοὺς
1387 938 1499 1028 νὸμους

328 1044 383 1133 τα]
399 1048 549 1136 ποιήσειν.
640 1110 643 1116 ,
925 1043 1034 1112 πάντα
1065 1044 1249 1134 ποιήσειν.»
1279 1043 1430 1130 (Λίβωνι,
1461 1044 1497 1128 V,

926 1145 989 1214 217
1006 1148 1030 1215 F
1045 1187 1088 1197 -
1104 1146 1169 1216 218
1184 1149 1233 1238 A).

373 1255 436 1340 1,7‚
448 1254 491 1324 ἀί)
506 1257 707 1328 ἀποδανῶντα
721 1260 767 1338 εἰς
788 1258 823 1326 τὸ
844 1259 899 1343 βά·
918 1244 921 1249 ’
970 1253 1077 1322 SchoI.
1089 1253 1267 1344 Aristoph,
1283 1256 1368 1323 Eecl.
1388 1253 1495 1325 I809:

329 1369 440 1453 ραδρον
459 1365 655 1454 ἐμβληδήναι
670 1363 704 1448 (I.
730 1363 897 1434 ἀποδανεῖν
927 1363 1067 1450 Ξενοφῶν
1090 1364 1124 1432 δὲ
1143 1365 1189 1442 εἰς
1209 1362 1244 1432 τὸ
1269 1365 1425 1452 βάραὲιρον
1444 1363 1497 1451 ἐμ-

328 1507 372 1518 -
393 1472 615 1560 ἐμβληθέντα),
637 1469 681 1540 τά
700 1471 733 1540 δὲ
746 1472 898 1561 χρήματα
925 1470 1084 1554 βληὲιέντα
1106 1467 1275 1537 ἀποδανεῖν
1294 1471 1348 1536 καὶ
1368 1466 1427 1558 τήν
1447 1466 1497 1537 οὔ·

327 1576 426 1646 αὐτοῦ
439 1582 646 1665 δημευδήναι.
925 1576 994 1643 σίαν
1015 1573 1223 1645 ἀπολέσαντα.

371 1682 408 1764 ΙΙ,
426 1679 458 1763 3,
476 1680 519 1747 56
538 1685 592 1750 καὶ
610 1683 679 1751 ἐπεί
693 1681 723 1768 γ’
747 1681 896 1772 ἀποδνή-
969 1676 1047 1760 cic,
1065 1679 1156 1745 Tuse.
1173 1687 1300 1765 quaest„
1317 1677 1341 1760 I,
1357 1675 1413 1761 40,
1431 1675 1495 1745 96:

327 1814 412 1856 σκειν
441 1787 692 1876 ἀναγκαζόμενος
711 1788 746 1857 τὸ
774 1790 897 1858 κώνειον
925 1804 999 1850 cum
1017 1823 1061 1835 -
1080 1804 1239 1851 venenum
1259 1795 1295 1851 ut
1314 1782 1424 1851 sitiens
1440 1783 1498 1850 ob-

328 1896 406 1980 ἔπιε,
430 1893 465 1962 τὸ
488 1895 666 1982 λειπόμενον
687 1896 807 1983 ἔφασαν
820 1894 896 1964 ἀπο-
925 1890 1077 1973 duxisset,
1095 1890 1255 1978 reliquum
1275 1890 1319 1958 sie
1342 1911 1359 1957 e
1380 1890 1497 1978 poculo

328 2002 559 2084 κοτταβίσαντα
571 2002 665 2069 εἰπεῖν
674 1999 788 2071 αὐτόν·
803 2008 898 2088 (Κρι-
925 1996 1017 2086 ejecit
1038 2006 1073 2064 (τί
1093 1997 1125 2064 id
1149 2006 1340 2066 resonaret:
1365 2018 1430 2085 quo
1446 2018 1495 2064 so·

327 2109 390 2175 τιάι
405 2105 492 2174 τοῦτ’
512 2108 591 2174 ἔστω
606 2113 657 2174 τῶ
672 2113 775 2176 καλῶ,
790 2131 803 2168 ν
925 2105 992 2171 nitu
1008 2103 1134 2172 reddito
1150 2104 1294 2171 arridens
1318 2127 1332 2168 ι(
1343 2096 1495 2197 Br'opino,

371 2209 453 2277 Num
469 2219 602 2298 propter
615 2209 777 2278 Ciceronis
787 2210 897 2278 sitiens
924 2211 1038 2299 inquit,
1054 2211 1117 2278 hoe
1131 2211 1266 2299 pulchro
1281 2207 1425 2278 Critiae.»
1466 2291 1468 2296 Ι

326 2316 461 2383 verbum
477 2316 629 2385 excidisse
645 2318 822 2406 putandum
845 2318 895 2402 sit,

326 2421 404 2488 mihi
419 2423 554 2490 dubium
569 2434 627 2491 est.

371 2527 420 2610 III,
432 2526 463 2611 I,
476 2526 516 2593 IV
528 2527 608 2598 ῶστε
622 2529 681 2619 τήν
697 2532 786 2599 πόλιν
801 2531 897 2612 ὅντως
968 2527 1093 2616 Polyb,
1118 2528 1157 2610 X,
1183 2526 1237 2611 20,
1264 2525 1284 2592 7
1303 2548 1310 2592 τ
1333 2526 1390 2597 οίικ
1413 2528 1497 2596 ἔστιν

326 2636 448 2704 οίεσδα(
461 2637 593 2723 πολέμου
607 2637 806 2726 ἐργαστήριον
819 2633 897 2704 εἶναι
924 2633 1013 2716 ὅστις
1026 2635 1084 2704 οὐκ
1098 2632 1136 2704 ἀν
1153 2632 1220 2705 εἶπε
1239 2634 1326 2704 κατά
1344 2633 1397 2702 τὸν
1409 2635 1498 2709 Ξενο-

327 2740 434 2827 (Ages.
452 2738 474 2823 I,
487 2739 529 2808 26
540 2739 619 2810 ῶστε
633 2741 691 2831 τήν
702 2744 790 2812 πόλιν
801 2743 897 2823 ὄντως
925 2750 1038 2832 φῶντα,
1052 2743 1126 2811 τότε
1150 2744 1360 2830 διωσάμενος.
1378 2742 1497 2828 ἐκείνην

328 2845 366 2917 ἀν
397 2847 508 2938 ήγήσω
535 2851 667 2937 πολέμου
697 2850 897 2938 ἐργαστήριον
924 2849 983 2938 τήν
1004 2851 1094 2918 πόλιν
1117 2849 1318 2940 ἐργαστήριον
1343 2845 1420 2916 εἶναι
1442 2873 1496 2916 πο-

327 2951 429 3042 είναι).
923 2957 1028 3043 λε’μου.
1361 2957 1362 2961 ’

370 3059 418 3142 IV,
429 3058 463 3142 I,
478 3058 520 3126 II)
534 3062 562 3128 οἱ
577 3061 611 3129 δὲ
620 3061 753 3149 Ἀργεῖοι
768 3060 896 3149 ὁρῶντες
967 3058 1129 3151 Ηοίίυάἰιιυ
1154 3060 1239 3146 apud
1261 3059 1369 3142 Phoe,
1398 3057 1495 3140 Bibi,
1552 3133 1556 3141 .

326 3165 369 3234 τοὶ
398 3169 538 3254 σίγματα
565 3164 624 3244 (sic
652 3165 770 3248 codd.;
798 3169 897 3256 σίγμα
923 3186 955 3252 p.
972 3164 1050 3248 532,
1065 3164 1102 3248 Α,
1118 3163 1161 3232 18
1174 3165 1225 3232 ed.
1237 3165 1336 3232 Bekk.
1354 3185 1361 3230 :
1378 3151 1424 3233 διδ
1440 3167 1497 3232 καὶ

326 3269 520 3360 Schaefei'us)
542 3272 585 3342 τά
606 3274 737 3343 ἐπὶτῶν
759 3273 896 3343 ἀσπίδων
923 3272 958 3341 τὸ
982 3272 1069 3360 παρὰ
1091 3279 1142 3340 τῶι
1172 3273 1344 3360 Ξενοφῶντι
1370 3273 1401 3340 ἐν
1430 3276 1497 3350 τοῖς

309 3385 399 3447 seit.
423 3378 462 3444 Ει
485 3377 536 3444 hic
563 3378 653 3445 etin
679 3378 723 3445 eis
749 3399 820 3466 quae
846 3399 895 3445 se·
922 3377 1123 3465 Ἑλληνικοῖς
1156 3379 1312 3466 εἰρημένον
1345 3375 1403 3461 οίγ
1436 3374 1492 3464 ὑφ’

326 3493 468 3570 quuntur
487 3489 585 3574 σίγμα
604 3486 827 3572 reponendum
848 3494 896 3551 est
922 3486 954 3551 ἓν
982 3482 1054 3552 (τοὶ
1078 3486 1219 3571 σίγματα
1242 3491 1301 3551 τῶν
1325 3482 1491 3552 ἀσπίδωνν

326 3609 386 3675 pro
401 3591 560 3677 σίγματα;
583 3611 661 3656 num
676 3598 783 3657 autem
799 3589 895 3657 etiam
924 3590 1147 3676 ἀναγνωστέον,
1183 3589 1267 3659 ἀλλά
1302 3589 1496 3678 δισυλλάβως

326 3696 379 3763 ἐπί
390 3693 562 3760 delendum
577 3694 625 3780 sit,
644 3693 745 3782 magis
761 3694 895 3764 dubium
924 3698 978 3786 μὲν
1001 3695 1068 3765 (τὰ
1089 3702 1215 3784 σῖγμαν
1239 3698 1295 3764 καὶ
1314 3695 1370 3764 ἀπ’
1393 3695 1496 3784 ἄλλης

325 3798 461 3866 videtur.
513 3844 516 3848 -
924 3803 1025 3892 ἀρχῆς
1049 3801 1120 3871 (τά
1141 3809 1200 3870 τῶν
1222 3801 1384 3871 ἀσπίδωνν
1408 3800 1496 3869 κατὰ

922 3910 1098 3979 διάστασιν.

369 4009 412 4078 16
427 4012 500 4093 τούς
516 4016 618 4101 μέντοι
633 4018 895 4103 Λακεδαιμονίους
965 4013 1157 4096 Priscianus
1172 4012 1276 4095 XVIII,
1292 4010 1346 4080 25.

324 4113 422 4196 οίίτως
441 4111 482 4186 αδ
501 4120 529 4186 οἱ
548 4123 724 4188 πελτασταὶ
739 4121 894 4190 ἐδεδίεσαν

325 4222 361 4308 (ί,
380 4221 514 4310 ὤκνουν).

369 4327 401 4411 8,
432 4327 474 4395 22
501 4326 541 4421 ήν
565 4331 591 4399 δ’
619 4325 710 4412 οίτος
739 4332 817 4423 ἀνήρ
847 4333 895 4403 ei·
966 4330 1155 4414 primianus
1172 4329 1275 4413 XVIII,
1291 4328 1354 4397 23:
1376 4329 1495 4397 «Attici

323 4437 415 4523 χαρίς
432 4463 467 4504 τε
486 4435 544 4523 οάγ
561 4431 657 4527 ήττον
673 4445 728 4507 τοῶ
744 4441 894 4527 Θίβρωνος
922 4440 1211 4528 ἐγχειρητικώτερος
1233 4438 1364 4527 ἀρετής.
1388 4437 1494 4504 Xeno·

324 4544 441 4630 μᾶλλόν
465 4571 501 4611 τε
519 4548 762 4634 συντεταγμένος
776 4549 830 4614 καὶ
847 4547 895 4632 ε’γ-
922 4545 1008 4633 phon
1024 4545 1217 4635 Ἑλληνικῶν
1232 4555 1279 4614 Δ;
1300 4539 1340 4635 ήν
1355 4545 1389 4614 δὲ
1403 4538 1496 4624 οῶτος

321 4651 576 4738 γειρητικῶτερος
614 4654 802 4741 στρατηγός.
838 4650 893 4718 Mi·
921 4659 1010 4733 eeit„
1024 4674 1038 4715 ν
1052 4650 1107 4717 ubi
1118 4671 1192 4718 eum
1207 4649 1302 4717 etiam
1313 4649 1494 4717 Priscianus
1513 4713 1518 4721 .

323 4773 395 4820 rum
417 4763 465 4821 est
485 4775 562 4821 veie
577 4756 663 4842 qued
685 4766 716 4824 et
735 4757 846 4823 Pollux
862 4767 894 4824 et
921 4757 1107 4825 Hellenieen
1122 4756 1241 4824 librum
1252 4744 1406 4845 (juariam
1420 4754 1495 4822 affe-
