3382 5482
1257 366 1276 411 ,1
1382 354 1403 377 ’“

672 446 717 456 -
762 409 802 475 91
849 446 894 456 -
1124 410 1128 417 “
1191 418 1194 423 ’

245 551 320 635 Sed,
343 571 416 618 cum
440 550 471 617 in
494 549 664 618 Hellenicis
684 549 749 639 jam
774 570 871 638 supra
892 549 1073 638 Herippidae
1094 550 1175 618 laeta
1193 549 1233 617 sit
1248 550 1365 618 mentio

201 664 269 753 (111,
290 665 328 748 ll,
351 663 404 732 20.
429 665 477 747 lll,
501 660 534 749 3,
553 662 626 750 to),
643 663 676 728 in
691 662 837 751 Agesilao
854 684 932 732 vero
948 682 1013 731 non
1029 663 1122 747 item,
1137 674 1259 732 tantum
1276 659 1368 732 abest

200 789 235 847 ut
249 801 310 867 ego
324 786 495 868 Kampanda
511 777 666 846 assentiar
681 788 716 845 ut
731 777 764 844 in
777 780 849 847 loco
865 778 1053 846 llellenicon
1067 777 1166 846 recha
1181 782 1237 849 καὶ
1250 781 1367 860 πάντες

199 933 243 943 -
256 895 286 964 τ’
303 897 448 982 ἐγένοντο,
466 914 537 980 quae
547 892 607 959 nisi
618 902 690 980 post
700 893 917 981 parenthesim
929 892 1008 959 mihi
1019 893 1148 960 serenda
1159 908 1223 960 non
1237 892 1365 961 videan-

72 1084 83 1101 .
200 1018 264 1092 tur,
284 1007 432 1076 additicia
451 1029 520 1076 esse
545 1007 724 1076 existimem
750 1018 782 1076 el
805 1030 843 1076 ex
868 1007 1015 1094 Agesilao
1038 1007 1124 1076 illata
1148 1008 1201 1096 (cl.
1229 1028 1265 1074 ea
1295 1029 1366 1096 quae

201 1124 319 1213 optime
340 1123 379 1191 de
396 1123 458 1190 hoc
479 1124 550 1190 loco
566 1122 716 1190 disseruit
730 1126 943 1213 Πανταζίδης,
968 1126 1142 1212 Φιλέω,
1159 1123 1209 1206 lll,
1227 1145 1258 1210 p.
1276 1121 1364 1210 507).

200 1236 402 1325 Quapropter
423 1234 501 1302 mihi
520 1256 585 1303 non
606 1235 740 1303 dubium
755 1256 826 1303 3333
844 1234 967 1303 videtur
982 1236 1059 1324 quin
1074 1234 1100 1303 is
1116 1235 1171 1323 qui
1185 1235 1366 1324 Agesilaum
1456 1289 1461 1297 .

200 1350 388 1438 conscripsit
413 1352 526 1418 eadem
550 1349 711 1419 llellenica
736 1349 769 1417 in
792 1349 939 1417 manibus
960 1349 1109 1419 habuerit
1140 1371 1211 1439 quae
1240 1351 1280 1418 ad
1299 1370 1368 1418 'nos

201 1472 425 1553 pervenerunt.

244 1580 308 1648 Sed
324 1577 461 1646 viderint
474 1579 544 1647 haec
557 1577 629 1661 alii;
656 1578 750 1646 nobis
764 1580 824 1648 hae
841 1578 1107 1667 disputatiuncula
1122 1577 1198 1646 illud
1215 1578 1368 1665 exemplis
1395 1560 1398 1564 ¹

200 1693 391 1762 confirmare
410 1692 444 1760 in
464 1692 570 1760 animo
588 1692 657 1773 fuit,
674 1712 747 1760 cum
763 1703 884 1762 textum
899 1693 1097 1778 Hellenicon,
1116 1692 1217 1782 qualis
1232 1692 1266 1760 in
1281 1693 1368 1761 codi-

200 1808 289 1878 cibus
299 1829 475 1896 quosnunc
491 1792 686 1877 haberemus
702 1808 852 1897 serretur,
864 1830 881 1876 a
893 1808 1055 1877 communi
1065 1808 1131 1892 illo,
1143 1809 1229 1876 unde
1240 1809 1367 1876 codices·

200 1943 313 1991 omnes
328 1922 579 2005 descendissent,
594 1922 766 2010 archetypo
781 1943 847 1991 non
865 1923 909 1989 ita
927 1924 1064 1991 multum
1084 1907 1275 2005 dessunisse;
1297 1932 1366 1990 tum

123 2018 131 2034 ⁸
197 2059 273 2106 vero
295 2038 502 2124 archetypum
524 2036 603 2104 ihud
624 2035 702 2104 locis
724 2036 798 2104 satis
825 2037 931 2105 multis
953 2049 985 2105 et
1006 2037 1305 2126 interpolationibus
1334 2049 1366 2134 et

196 2152 317 2220 lacunis
328 2152 534 2240 depravatum
545 2151 661 2234 luisse3
674 2151 739 2220 sive
750 2151 847 2238 igitur
858 2152 1019 2220 Hellenica
1028 2152 1248 2240 Xenophontis
1261 2163 1366 2220 essent

196 2265 261 2334 sive
277 2286 341 2333 non
359 2276 476 2350 essent,
493 2287 530 2334 ea
543 2268 793 2356 haudquaquam
805 2267 931 2355 integra
941 2268 980 2335 ad
990 2289 1050 2336 nos
1059 2267 1256 2356 pervenisse,
1267 2265 1364 2353 idque

195 2401 324 2468 semper
346 2381 521 2448 tenendum
543 2402 612 2449 esse
633 2381 658 2449 si
681 2381 751 2468 quis
773 2382 806 2449 in
827 2403 864 2449 33
880 2381 1065 2470 diligentius
1080 2382 1173 2449 vellet
1187 2380 1364 2469 inquirere,

195 2495 282 2582 quod
301 2496 400 2562 multa
423 2494 559 2563 fortasse
577 2496 618 2563 ad
640 2495 726 2562 illam
749 2516 877 2564 causam
896 2497 1067 2564 reserenda
1080 2495 1231 2564 essentia
1249 2494 1365 2584 quibus

195 2608 254 2676 viri
270 2609 355 2677 docti
370 2609 588 2678 offendissent.

817 2917 889 2972 V11>1
903 2931 938 2970 ac
952 2932 1097 2971 ananam:

659 3020 787 3075 Lutetiae
801 3019 993 3090 Parisiorum,
1014 3020 1045 3074 in
1065 3018 1212 3090 Sarbena,
1228 3033 1256 3072 a.
1274 3017 1302 3071 d.
1320 3018 1362 3074 VI

698 3125 766 3180 Kal.
788 3125 862 3179 Dee.
879 3141 928 3179 an.
950 3123 1236 3180 MDCCCLXXVII.
1258 3123 1361 3177 Facul-

698 3233 768 3288 tatis
787 3232 948 3287 litterarum
973 3233 1004 3286 in
1027 3231 1185 3287 Academia
1207 3231 1363 3286 Parisiensi

663 3382 666 3387 .
697 3341 849 3410 Decanus,

1012 3441 1049 3496 H.
1070 3440 1253 3497 WALLON.

271 3575 363 3631 Trrrs
378 3592 553 3632 uannnrun:

191 3683 357 3738 Academiae
371 3683 541 3739 Parisiensis
555 3684 674 3753 Rector,

389 3788 426 3843 Α.
444 3787 633 3844 MOURIER.
