3382 5482
739 478 961 544 „50-

307 620 340 704 1,
353 621 395 689 18
412 624 471 714 τὴν
493 621 595 692 αὑτῶν
617 623 722 709 πόλιν,
736 621 823 708 quod
840 619 1031 706 Diodorfies
1043 640 1102 706 pro
1124 647 1155 687 τ.
1178 619 1283 688 αὐτῶν
1301 644 1335 687 π.
1353 615 1444 685 resti-

264 734 335 822 tnit,
354 736 451 802 hebet
467 735 567 802 codex
583 757 613 803 0.

196 933 198 937 .
270 918 271 921 ,
308 848 350 916 36
381 854 414 920 οἱ
446 851 512 939 μὲν
548 850 662 919 ἄλλοι
693 848 910 936 Ἀρκάδες]
942 846 1024 916 odd.
1049 847 1061 914 Ι
1084 868 1101 915 e
1125 866 1209 913 corr.
1239 844 1312 913 Cot.
1339 883 1384 896 -
1412 850 1440 916 οἱ

264 965 318 1053 μὲν
333 965 422 1034 ἄλλοι
439 965 629 1053 Ἀκαρνᾶνες
644 962 679 1028 Α.
699 963 721 1029 I.
740 966 826 1031 —oi
843 965 898 1053 μὲν
915 964 1070 1052 Ἀρκάδες
1085 961 1122 1034 Ι).
1142 961 1243 1030 Diod.

306 1077 339 1160 5,
354 1076 545 1145 reservavit
560 1099 581 1143 o
595 1077 713 1143 bonnm
730 1075 921 1164 scripturam
931 1077 1138 1166 τάπιτήδεια,
1153 1096 1225 1163 quae
1238 1096 1312 1143 enm
1324 1073 1438 1143 Cobete

262 1191 446 1280 recipienda
462 1202 510 1260 est
525 1192 578 1279 (01.
597 1191 676 1261 Νου.
694 1193 787 1276 lectt,
804 1214 837 1279 p.
855 1190 922 1260 323
938 1213 1006 1279 sqq.
1024 1189 1090 1258 601
1107 1192 1203 1279 sqq.).

307 1371 325 1454 §
344 1368 399 1437 18.
421 1368 637 1457 —Superest
658 1377 705 1451 ut,
728 1367 804 1456 qnid
823 1368 864 1435 ed
883 1375 1006 1434 textum
1028 1363 1287 1432 constituendum
1310 1373 1440 1432 veteres

263 1483 420 1551 editiones
436 1484 586 1552 conterre
606 1483 740 1571 possint,
759 1481 868 1571 paucis
884 1502 1053 1570 exponam,
1070 1478 1350 1548 Breitenbaehium
1365 1500 1440 1547 oue-

263 1607 368 1665 torem
383 1608 512 1666 secutus
530 1600 573 1687 (v.
591 1599 743 1667 Zeitsehr.
762 1600 789 1685 s.
808 1597 1059 1677 Atterthomew„
1075 1597 1097 1662 1.
1112 1595 1159 1682 1.).
1180 1595 1238 1662 Hie
1255 1593 1330 1661 enm
1348 1595 1439 1662 loces

262 1712 344 1797 mn,
363 1723 397 1782 ut
422 1712 690 1802 supradiximus,
717 1735 735 1781 e
755 1712 845 1779 libris
865 1712 926 1780 1-111
951 1708 1437 1813 1100111ορ100000011010110001,

262 1829 363 1898 honos
378 1830 530 1898 lectiones
546 1829 666 1898 notavit
682 1828 820 1896 tricenas
830 1838 961 1896 octones
976 1826 1142 1910 innidina,
1157 1825 1296 1909 iumine,
1310 1825 1439 1893 Halensi

261 1965 290 2016 a.
309 1943 407 2028 1510,
422 1943 661 2034 Brylingeriano
678 1966 707 2016 a.
723 1943 822 2027 1555,
838 1943 872 2010 in
886 1942 1084 2011 castalionee
1099 1941 1245 2024 veroid,
1262 1951 1331 2007 tum
1347 1937 1390 2006 85
1405 1939 1439 2006 in

261 2057 486 2146 stephaniam,
498 2059 531 2126 in
541 2059 771 2127 Lennelaviona
786 2059 840 2142 81,
852 2067 1009 2147 praeteree
1024 2058 1057 2124 in
1073 2056 1218 2144 margine
1230 2053 1383 2144 Stephani
1392 2054 1435 2121 17

261 2183 355 2261 atque
379 2176 506 2243 easdem
524 2175 591 2243 fero
607 2174 640 2241 in
656 2173 800 2261 margine
816 2172 1005 2244 Lennelavii.
1023 2173 1103 2242 Cum
1119 2172 1246 2255 deinde,
1268 2191 1342 2238 enm
1366 2169 1437 2259 qni-

260 2289 320 2356 bus
338 2311 451 2357 eorum
467 2290 521 2378 qni
537 2312 622 2358 nune
637 2299 711 2357 sunt
727 2289 875 2357 codicum
891 2290 941 2355 hee
961 2288 1056 2354 bonee
1077 2286 1232 2354 lectiones
1247 2284 1310 2353 illis
1326 2284 1437 2352 editio-

259 2403 353 2470 nibus
369 2425 557 2474 eommunes
575 2413 691 2487 essent,
710 2402 886 2492 qneesisset,
904 2404 973 2470 haee
988 2401 1110 2469 invenit
1127 2425 1134 2470 ε

807 2624 899 2666 BONAE
923 2623 1098 2666 boemones
1121 2625 1298 2666 EDITIONUM
1389 2655 1393 2663 ,

293 3131 351 3190 Quae
375 3134 435 3183 sunt
461 3133 485 3182 111
510 3133 595 3185 codice
623 3133 649 3184 t.
712 3135 745 3185 34

620 3310 648 3362 C.

304 3865 349 3932 Ex
370 3863 419 3930 his
439 3873 545 3930 antem
565 3862 751 3951 intellegere
773 3863 858 3946 lieet,
880 3886 954 3932 eum
974 3865 1121 3954 priorum
1137 3866 1313 3934 editionum
1331 3877 1434 3937 textus

260 3979 300 4045 od
322 3976 509 4065 posterioris
528 3977 634 4064 stirpis
656 3977 784 4047 eodiees
803 3978 1004 4068 maximeque
1026 3981 1066 4048 od
1087 3981 1231 4049 codicem
1253 3982 1279 4048 A
1300 3981 1434 4070 propius

260 4092 407 4159 rideatur
425 4093 594 4174 secedere,
614 4092 848 4161 Castalionenm
861 4081 931 4184 ¹jem
952 4095 1053 4183 magis
1070 4098 1110 4164 ad
1129 4094 1153 4164 B
1173 4105 1205 4164 et
1223 4097 1248 4163 D
1266 4095 1432 4181 inclinare,

261 4205 510 4295 Stephanionem
528 4227 605 4274 vero
629 4218 659 4273 et
678 4208 945 4275 Lermelnvianum
966 4211 1005 4277 ad
1024 4211 1083 4278 hos
1103 4210 1230 4280 codices
1250 4212 1435 4280 rethorum

261 4320 437 4399 simitlimos
466 4321 700 4389 conformatum
732 4343 813 4405 esse,
845 4334 881 4391 ut
912 4345 1024 4392 earnm
1052 4325 1228 4393 editionum
1254 4347 1325 4414 quoe
1349 4347 1436 4395 nune

260 4438 430 4524 prodeunt.
456 4436 702 4524 Stephanionem
719 4458 796 4504 vero
818 4437 992 4505 editionem
1009 4442 1122 4508 eedem
1140 4441 1329 4509 auctoritate
1346 4451 1436 4530 putat

260 4573 330 4618 esse
347 4551 604 4620 Breitenbeehius
622 4573 683 4640 qna
702 4552 819 4620 librum
833 4572 929 4621 manu
946 4554 1113 4644 seriptum,
1127 4555 1275 4644 quotiens
1290 4555 1344 4624 ille
1360 4577 1435 4624 cum

260 4665 366 4753 aliquo
382 4666 493 4734 codiee
510 4667 694 4735 consentiat.

739 4816 950 4828 c--u-—h———n—
